2894 4804
806 422 870 500 144

330 609 399 652 marn
421 596 451 653 et
465 595 646 655 oraoraeuta
664 611 770 655 earum
784 599 815 656 et
830 595 933 656 crines
948 600 979 656 et
992 593 1157 657 cincinnos
1173 599 1204 656 et
1218 595 1341 658 lunulas

330 712 361 767 et
382 704 548 768 discrimen
567 712 598 767 ct
619 706 760 770 armillae
783 715 812 769 et
839 708 1035 771 botronatum
1065 715 1095 770 et
1123 709 1284 772 dectratic
1314 718 1342 772 et
1376 747 1381 754 ·

330 821 443 884 anulos
483 826 515 881 et
555 819 684 884 inaures
724 829 755 884 et
786 823 890 885 serica
925 829 1072 886 contecta
1100 844 1169 886 eum
1205 843 1284 888 auro
1315 831 1343 885 et

328 934 501 1016 byociutbo.
560 936 602 998 Et
634 937 693 999 erit
723 954 784 1015 pro
819 937 913 1000 odore
950 939 1119 1001 suauitatis
1155 937 1277 1017 palcis,
1315 947 1342 1000 et

251 1023 255 1032 Ι
302 1059 387 1130 ⁵pro
438 1050 563 1132 ciupulo
592 1048 618 1128 ⁵)
666 1058 748 1113 reste
797 1052 932 1132 ciuperis
982 1059 1011 1114 et
1055 1051 1118 1131 pro
1165 1058 1342 1114 ornamento

330 1162 445 1242 capitio
483 1183 581 1228 aureo
618 1167 777 1230 calvitium
814 1164 950 1229 babebis.
1004 1167 1068 1230 Hoc
1111 1165 1185 1230 deus
1205 1162 1233 1244 6)
1278 1165 1343 1228 cul-

327 1279 387 1357 pat,
410 1274 468 1339 hoc
492 1275 621 1340 denotet.
675 1278 750 1340 Hinc
781 1285 938 1360 corruptas
966 1295 1036 1342 esse
1053 1272 1094 1358 τ),
1123 1279 1192 1342 hinc
1219 1297 1237 1341 e
1267 1280 1342 1342 cultu

202 1369 212 1390 ⁸
327 1407 403 1453 vero
427 1396 517 1472 atque
539 1388 641 1453 divino
665 1389 831 1454 desciuisse
854 1392 1034 1473 pronuntiat.
1075 1391 1230 1456 Enattatee
1239 1386 1268 1471 ⁸)
1290 1411 1342 1456 ce-

329 1499 485 1579 ciderunt,
516 1507 654 1584 comptae
676 1501 886 1584 turpitudinem
909 1501 1142 1586 foeditatemque
1164 1512 1341 1570 meruerunt.

290 1628 317 1673 so
330 1613 465 1678 Sericum
494 1619 525 1676 et
553 1631 714 1696 purpuram
748 1612 868 1677 indutae
883 1607 911 1692 9)
947 1613 1094 1678 Christum
1127 1614 1254 1681 inducre
1286 1635 1342 1680 non

248 1757 254 1774 ·
327 1735 463 1812 possunt
507 1729 592 1793 Auro
619 1737 649 1792 et
665 1723 705 1808 ¹⁰)
736 1731 902 1813 margaritis
934 1737 965 1793 et
994 1731 1152 1795 monilibus
1184 1732 1342 1795 adornatae
1398 1785 1401 1792 .

242 1923 247 1930 ἱ
329 1850 502 1909 ornamenta
520 1843 632 1918 ,cordis
664 1862 700 1907 ac
729 1845 862 1925 pectoris
890 1843 1092 1926 perdiderunt
1137 1845 1213 1921 Quis
1236 1865 1297 1910 non
1317 1845 1344 1908 id

329 1957 557 2036 exsecretur¹¹)
582 1964 612 2021 et
635 1956 728 2041 fugiat
751 1960 831 2040 quod
847 1959 895 2023 alii
915 1959 1002 2022 tuerit
1018 1959 1136 2023 exitio?
1173 1961 1250 2036 Quis
1266 1959 1294 2024 id
1306 1955 1342 2035 ¹⁷)

302 2176 319 2222 ἰ
398 2202 427 2272 5)
442 2134 571 2272 ωσιὶπῖἵιῖ
593 2199 621 2252 Β.
666 2199 731 2252 Dein
756 2204 893 2271 adsaporetur
917 2205 948 2254 Α.
994 2201 1053 2271 Seq.
1078 2211 1102 2255 at
1127 2217 1177 2254 om.
1209 2204 1257 2258 Mc.
1299 2202 1343 2254 Pro

328 2309 426 2359 aureo,
452 2289 519 2358 quod
539 2288 611 2340 abest
630 2304 643 2340 a
662 2288 701 2339 Ma
720 2297 746 2340 et
763 2285 799 2353 B,
824 2289 943 2341 scribitur
961 2307 1028 2344 auro
1046 2291 1072 2340 in
1089 2289 1137 2353 Mc,
1157 2291 1278 2344 auretio
1295 2289 1342 2341 tto.

327 2378 389 2430 Tum
406 2382 532 2432 debebunt
549 2378 574 2428 in
592 2378 630 2446 A..
659 2376 687 2441 6)
707 2380 755 2430 deo
775 2375 832 2442 (dd)
852 2374 893 2428 W.
929 2375 995 2429 Dein
1015 2386 1039 2432 et
1056 2381 1161 2433 denotat
1180 2378 1240 2430 edd.
1260 2376 1342 2428 Venet.

329 2467 353 2518 1.
371 2466 396 2518 2.
414 2463 534 2516 Daventr.
552 2462 632 2516 Runa.
651 2461 739 2514 Remb.
759 2461 857 2515 Erasm.
877 2462 951 2516 Grau.
993 2464 1022 2530 7)
1041 2472 1185 2534 corruptas
1204 2482 1265 2520 aare
1283 2463 1340 2518 'arir-

325 2557 401 2624 9inas
420 2552 489 2604 editt
525 2549 576 2602 Sed
596 2549 634 2602 W.
652 2549 711 2603 Ver.
730 2550 754 2605 2.
774 2550 854 2603 biabc.
874 2550 904 2602 Α.
924 2566 973 2604 om.
992 2556 1127 2623 cirpiuea,
1148 2552 1219 2621 quod
1237 2552 1343 2622 glossam
1382 2533 1386 2544 ⁸

325 2643 397 2710 sapit.
427 2638 509 2692 intell.
529 2639 612 2707 potius
631 2654 646 2690 c
665 2639 879 2706 praecedentibus
896 2642 969 2710 filios
986 2643 1061 2694 Sion.
1091 2637 1269 2696 idoxaoultu
1285 2656 1342 2695 cero

727 2745 740 2781 a

326 2795 355 2848 B.
392 2796 454 2849 Tum
473 2800 589 2851 deodatae
606 2797 661 2862 Mc,
680 2799 814 2882 deasciato
831 2796 881 2848 Md.
919 2793 1048 2864 Deinceps
1065 2801 1244 2868 praenunciat
1257 2797 1342 2848 Venet.

328 2901 351 2954 1.
370 2903 395 2954 2.
413 2901 534 2954 Daventr.
554 2902 635 2955 Kana.
654 2901 743 2954 Remb.
787 2899 816 2965 8)
834 2899 942 2951 Additur
966 2904 1051 2972 inquit
1070 2903 1096 2952 in
1114 2901 1189 2967 Vem,
1216 2904 1344 2958 eaattatae

327 2994 477 3046 cecideruut
495 3000 646 3044 ornamenta

448 3069 472 3114 et
526 3064 613 3114 taliter
639 3067 756 3130 comptae
782 3059 947 3123 (cecideruut
971 3068 997 3110 et
1022 3069 1173 3113 ornamento
1195 3075 1210 3111 a
1229 3076 1261 3110 m.
1280 3073 1342 3110 saec.

327 3145 390 3200 xm.
410 3147 548 3214 superem.)
568 3144 618 3196 tib.
663 3144 692 3212 9)
710 3146 804 3198 Serico
828 3153 851 3197 et
873 3157 996 3214 purpura
1018 3147 1125 3199 indutae
1143 3153 1197 3197 tres
1216 3143 1276 3196 libri
1292 3141 1342 3195 Ital.

227 3221 232 3230 ⁸
328 3243 354 3288 et
372 3233 430 3288 edd.
444 3231 614 3285 Manutiouans
634 3230 815 3282 antecedentes
829 3247 850 3282 c.
864 3228 978 3296 bioress.;
995 3250 1142 3302 purporarn
1154 3231 1210 3297 Ma3
1229 3235 1343 3286 indutam

329 3350 361 3360 -
381 3339 486 3376 macore
503 3339 555 3374 nau
573 3329 689 3388 possunt
707 3318 737 3371 Α.
788 3315 835 3386 10)
853 3335 884 3371 ao
904 3316 956 3386 (pr.
976 3322 1065 3388 atquo)
1087 3319 1117 3373 Α.
1154 3318 1217 3370 Turn
1235 3322 1343 3373 motitur

328 3426 366 3478 pr.
390 3407 453 3461 Mac.
498 3407 563 3458 Dein
589 3414 735 3460 exornatae
758 3403 787 3457 B.
834 3403 920 3456 Statim
945 3415 968 3460 st
993 3417 1146 3461 ornamenta
1170 3407 1219 3460 tte.
1246 3406 1300 3461 om.
1321 3420 1343 3456 u.

329 3505 481 3550 ornamenta
492 3493 532 3545 nh
550 3501 608 3561 post
624 3497 795 3563 perdiderunt
812 3491 891 3544 habet
909 3503 1030 3548 ornatum
1048 3493 1197 3547 anillam.
1212 3495 1341 3546 adiectum.

328 3582 377 3635 Pro
397 3602 427 3637 ac
444 3585 562 3653 pectoris
580 3578 675 3649 legitur
693 3591 760 3650 etp.
779 3581 803 3630 in
821 3577 863 3632 Fr.
883 3579 964 3633 Emm.
983 3581 1025 3647 2.‚
1053 3582 1113 3634 item
1132 3582 1158 3633 in
1177 3581 1237 3633 edd,
1256 3579 1340 3632 Manu·

327 3673 397 3724 tiana
415 3668 599 3738 antiquioribus
618 3675 644 3720 et
662 3666 770 3732 Meroth,
789 3675 842 3720 tum
860 3671 996 3738 perdidere
1013 3669 1038 3720 in
1057 3667 1104 3722 tte.
1141 3667 1186 3733 11)
1206 3670 1279 3736 Quid
1294 3681 1342 3718 aon
1361 3712 1366 3718 .

327 3762 356 3812 id
373 3765 552 3812 exercuerunt
569 3756 601 3821 Α,
621 3759 682 3826 quie
700 3759 755 3808 iam
773 3758 800 3808 id
817 3773 870 3808 non
888 3765 1061 3817 exsecrantur
1078 3753 1133 3819 nm
1157 3758 1184 3809 id
1202 3770 1252 3806 om.
1271 3751 1304 3803 W
1320 3755 1343 3801 et

328 3843 383 3908 Ma3
402 3854 526 3898 exsecrat
542 3843 620 3895 hahet
639 3843 686 3897 Ma.
722 3841 780 3895 Mox
799 3846 847 3897 tati
866 3844 913 3910 [ita
932 3841 1088 3911 etiamne),
1111 3843 1136 3893 in
1153 3857 1204 3910 mg.
1224 3839 1257 3893 ab
1275 3855 1294 3892 r.
1312 3853 1341 3887 m.

329 3933 393 3984 aliia
412 3929 459 3982 Mc.
496 3929 558 3982 Tum
575 3936 665 4002 ficerat
682 3930 732 3998 Md,
749 3934 804 4001 fuit
821 3941 846 3986 at
864 3934 913 3986 tado
932 3929 1079 3998 (intermed.
1098 3929 1162 4000 om.)
1179 3929 1211 3983 Α.
1259 3923 1343 3996 ttjtt

329 4032 380 4073 om„
398 4015 479 4071 nme.
