2872 4806
623 444 645 511 'i

128 610 219 686 atqm
233 601 399 683 manaem,
424 603 478 670 sed
500 610 531 670 et
553 611 669 670 astutm
691 604 804 672 fraudis
827 609 985 676 subtilitate
1006 611 1145 678 fallentis.

127 716 206 793 Ouid
229 735 304 782 uero
327 721 463 798 astutius,
487 718 597 801 quidve
619 719 766 800 subtilius,
793 739 880 805 quam
903 731 935 788 ut
957 725 1065 790 christi
1086 727 1145 790 ad-

122 838 218 898 ventu
248 831 384 896 detectus
402 831 430 911 ²)
460 851 496 898 ao
525 840 692 918 prostratus
722 837 875 918 inimicus,
907 846 1063 922 postquam
1093 840 1146 904 iux

123 947 265 1028 gentibus
288 947 372 1012 uenit
394 955 425 1012 et
447 947 627 1030 sospitandis
644 945 673 1028 ³)
701 950 868 1016 bominibus
894 954 1025 1018 salutare
1046 954 1145 1018 iumen

100 1057 253 1137 setinisit,
284 1064 317 1122 ut
338 1059 421 1122 surdi
444 1059 573 1124 auditum
596 1062 711 1144 gratiae
733 1063 872 1145 spiritalis
890 1062 918 1144 ⁴)
948 1067 1145 1149 admitterent,

128 1173 278 1254 aperirent
300 1171 338 1234 ad
360 1171 511 1236 dominum
528 1170 555 1248 ὁ)
579 1172 683 1236 oculos
699 1191 773 1236 suos
789 1177 881 1253 caeci,
902 1177 1008 1240 inirrmi
1023 1184 1144 1242 aeterna

125 1288 252 1350 sanitate
281 1286 507 1350 revalescerent
521 1280 566 1365 ⁶),
598 1286 694 1350 claudi
723 1287 761 1350 ad
790 1287 947 1352 ecelesiam
978 1297 1145 1370 currerent,

126 1401 199 1464 muti
223 1401 310 1464 claris
333 1399 461 1462 vocibus
482 1403 512 1460 et
533 1399 674 1480 precibus
698 1405 836 1478 orarent,
863 1401 970 1465 videns
993 1403 1043 1466 iile
1066 1403 1145 1466 idola

125 1515 268 1579 derelicta
291 1520 322 1576 et
343 1531 399 1596 per
420 1514 539 1575 nimium
568 1512 754 1576 credentium
782 1515 924 1597 populum
953 1516 1043 1580 sedes
1073 1533 1144 1580 suas

85 1646 110 1689 ro
124 1648 160 1692 ac
182 1629 291 1711 templa
314 1628 443 1706 deserta,
468 1629 685 1711 excogitaverit
699 1622 724 1706 7)
746 1648 854 1693 novam
875 1629 1018 1713 fraudem,
1042 1639 1073 1696 ut
1089 1634 1144 1696 sub

124 1747 191 1828 ipso
216 1743 388 1832 Christiani·
404 1743 531 1806 nominis
562 1743 645 1807 titulo
676 1741 757 1806 iaiiat
787 1745 950 1808 incautas?
994 1731 1145 1810 Haereses

123 1859 239 1923 inuenit
262 1858 486 1936 cisoniensis,
517 1857 625 1939 quibus
646 1859 837 1922 subverteret
859 1859 963 1940 fidem,
991 1862 1145 1925 ueritatem

124 1979 333 2056 corrumperet
347 1966 386 2052 ⁸),
409 1971 561 2034 scinderet
584 1972 734 2036 unitatem.
776 1971 860 2046 Duos
877 1969 906 2052 ⁹)
928 1975 1062 2038 detinere
1085 1993 1147 2038 non
1249 2019 1252 2032 ,

125 2094 226 2170 potest
248 2089 279 2150 in
300 2088 368 2151 uiae
398 2087 509 2149 veteris
541 2087 701 2166 caecitate,
733 2087 948 2152 circumscribit
979 2095 1009 2151 et
1039 2089 1148 2173 decipit

83 2213 112 2260 aa
125 2201 208 2272 novi.
220 2201 334 2267 itineris
358 2218 473 2264 errore.
516 2198 603 2282 iiapit
632 2198 670 2262 de
700 2201 764 2282 ipsa
793 2201 922 2266 ecclesia
946 2202 1082 2266 homines
1105 2210 1144 2282 et,

125 2317 195 2381 dum
225 2316 282 2380 sibi
313 2314 569 2397 adpropinquasse
602 2315 660 2376 iam
691 2314 792 2377 lumini
818 2311 857 2393 ¹⁰)
888 2323 977 2398 atque
1009 2319 1145 2380 evasisse

125 2431 239 2494 saeculi
261 2437 381 2493 noctem
403 2428 554 2508 videntur,
577 2427 649 2490 alias
666 2429 867 2494 nescientibus
884 2431 1024 2494 tenebras
1040 2449 1144 2495 rursus

125 2546 256 2610 infundit
271 2544 320 2624 ¹¹),
341 2551 374 2606 ut
396 2562 463 2606 eum
486 2543 646 2625 evangelio
670 2542 778 2607 Christi
801 2552 831 2608 et
850 2564 917 2610 cum
933 2547 1144 2612 observatione

124 2735 266 2802 Paroreius,
284 2738 364 2788 nostri
382 2717 439 2788 iibri
456 2751 545 2788 omnes
563 2751 613 2787 om.
651 2734 737 2800 Quare
755 2736 928 2803 expunximus.
964 2737 1030 2790 Dein
1050 2716 1096 2794 aut
1114 2743 1146 2807 (u

125 2826 158 2894 pb
176 2826 210 2878 al.
227 2843 277 2892 na,
304 2834 331 2876 ut
355 2825 471 2889 videtur,
499 2826 685 2892 superscripto)
710 2839 757 2892 pro
782 2835 858 2894 atque
883 2824 961 2877 babet
978 2823 1031 2890 Bb3
1058 2837 1146 2897 aperta

124 2919 268 2985 manifesta
292 2915 354 2966 dant
372 2913 429 2964 Vat.
448 2912 472 2964 ³.
498 2921 524 2964 et
548 2921 608 2965 vett.
628 2912 687 2964 edd.
707 2928 729 2964 c.
749 2911 838 2964 liemb.
858 2920 934 2982 atque
953 2911 1050 2965 Erasm.
1088 2914 1146 2966 itox
1192 2953 1194 2962 .

124 3011 151 3056 ct
169 3017 184 3053 a
202 3017 223 3054 r.
242 3017 274 3052 m.
293 3003 416 3053 insertum
435 3001 460 3050 in
479 2999 536 3052 cod.
555 2993 608 3064 bib,
626 3001 824 3070 superscriptam
843 3001 868 3050 in
887 2999 934 3052 tte.
978 2999 1007 3067 2)
1025 3004 1145 3056 detentas

124 3089 196 3141 idem
214 3088 262 3141 bic.
298 3087 358 3139 Turn
385 3099 460 3157 utque
483 3087 514 3139 A.
558 3087 589 3156 3)
614 3090 782 3156 hospitandis
800 3086 835 3138 Ba
861 3096 888 3138 et
907 3086 938 3140 A.
974 3086 1073 3139 Deinde
1096 3092 1143 3142 in.

122 3181 205 3247 musa
222 3175 263 3228 tib
282 3184 309 3227 et
326 3173 373 3228 Bb.
414 3175 443 3244 4)
462 3178 598 3245 spiritulia
616 3178 717 3246 pretias
736 3173 777 3226 bid
797 3191 818 3226 c.
838 3173 896 3226 edd.
915 3173 1058 3226 bisuntiensi
1077 3176 1144 3226 snti-

124 3264 256 3334 quioribas
277 3243 433 3328 eedbrati,
461 3281 501 3332 pr.
519 3265 673 3332 spiritualis
692 3261 738 3314 ste.
792 3262 821 3328 5)
845 3262 881 3314 lta
901 3261 933 3312 W
952 3261 1084 3327 etnicho,
1111 3267 1145 3318 ad

124 3356 202 3408 doum
220 3350 266 3406 Ba.
284 3351 333 3406 bid.
353 3352 375 3404 A
393 3367 415 3403 c.
435 3352 495 3404 edd.
528 3350 555 3402 ln
576 3349 614 3402 Db
633 3350 697 3402 baec
716 3350 815 3402 desunt.
852 3349 880 3412 6)
899 3331 1062 3412 revalescent
1080 3351 1142 3416 (sic)

124 3440 157 3493 A.
193 3439 259 3492 Dein
279 3443 347 3494 clarii
364 3439 406 3492 sib
426 3447 452 3490 et
470 3437 516 3492 Da.
552 3439 612 3490 Post
636 3442 729 3493 videras
747 3439 771 3489 in
790 3435 848 3488 edd.
867 3436 989 3489 Daventr.
1009 3437 1100 3490 Vanet.
1118 3437 1143 3489 2.

124 3528 216 3580 Remb.
235 3536 262 3580 et
280 3527 378 3582 Erasm.
397 3529 471 3582 deest
488 3531 541 3582 ilie.
578 3527 606 3592 7)
626 3527 668 3580 Sic
685 3544 743 3580 am.
757 3543 794 3596 pr.
809 3526 860 3592 tib,
879 3542 960 3578 esec.
972 3529 1142 3598 excapitavit,

126 3616 196 3685 quod
219 3617 314 3687 iegitur
337 3619 413 3669 ctiam
435 3618 460 3668 iu
479 3615 524 3669 Ba.
560 3615 626 3667 Dein
647 3625 673 3670 et
688 3626 719 3670 nt
736 3613 782 3668 Bb.
818 3614 876 3667 Mox
894 3618 1012 3668 incantat
1030 3615 1092 3679 (sic)
1111 3617 1143 3666 A.

126 3705 156 3771 8)
187 3708 352 3760 subverterat
386 3714 411 3759 at
444 3708 504 3774 pitter·
538 3708 675 3759 ceritatem
711 3711 891 3773 curmmpcrat
920 3701 950 3753 A.
1001 3701 1089 3754 Statim
1120 3711 1145 3756 st

125 3796 260 3849 sabadmt
277 3791 324 3845 lib.
359 3790 388 3844 in
407 3792 440 3844 W
463 3792 597 3861 partinet
621 3805 694 3843 erasa
718 3797 765 3842 est.
818 3789 847 3857 9)
866 3793 942 3856 Quod
959 3787 989 3842 A.
1024 3788 1143 3842 Proxime

125 3885 173 3934 aia
190 3879 231 3931 dic
249 3889 275 3932 et
291 3879 322 3932 A.
359 3879 419 3932 Tum
442 3882 567 3934 veritatis
589 3893 637 3946 pro
661 3881 761 3933 asteris
779 3877 826 3930 Bb.
862 3875 927 3928 Dein
949 3881 1099 3932 caecitatem
1117 3882 1144 3926 et

125 3970 153 4020 in
169 3985 241 4038 seqq.
260 3985 377 4022 morsm
395 3966 454 4032 ss..
488 3967 533 4036 10)
553 3967 774 4036 adpropinquanti
793 3997 824 4010 -
845 3966 944 4019 tamen
961 3963 1018 4026 biba
1042 3966 1144 4016 lamina

127 4055 174 4110 bic.
209 4055 326 4110 Proxime
343 4059 399 4112 siti
420 4071 467 4127 pro
486 4057 590 4112 saccati
608 4053 645 4120 A,
673 4053 732 4107 dein
751 4056 857 4110 videt-ar
875 4050 923 4105 Bb.
976 4051 1022 4122 11)
1045 4051 1143 4122 infudit
