2874 4806
557 455 600 524 85

79 619 239 698 martyrum
262 612 367 676 merita
391 619 422 677 et
443 631 536 697 opera
559 615 720 697 iustorum,
743 616 797 682 scd
823 637 889 682 cum
910 618 1010 683 iudicii
1033 621 1098 686 dies

79 727 210 808 venerit,
242 745 310 792 cum
337 735 407 811 past
438 747 578 794 occasum
607 731 719 795 saeculi
741 731 830 798 buius
853 741 884 797 et
905 731 1006 797 mundi
1028 739 1097 799 ante

79 841 202 906 tribunal
235 841 346 906 Gbristi
375 844 504 927 populus
539 845 603 910 eius
638 845 791 910 adstiterit.
852 847 992 912 Ceterum
1011 843 1039 927 ²)
1073 847 1099 912 si

80 954 140 1036 quis
162 971 370 1037 praepropera
393 953 584 1020 festinatione
605 959 782 1024 temerarius
796 961 1004 1026 remissionem
1020 979 1100 1044 pec-

59 1074 208 1132 ecatorum
240 1068 314 1132 dare
344 1086 379 1133 sa
408 1071 521 1134 cunctis
550 1077 634 1154 putat
661 1089 771 1154 posse,
803 1080 853 1137 aut
875 1074 964 1140 audet
988 1075 1100 1140 domini

80 1190 238 1266 praecepta
259 1181 454 1263 rescindere,
477 1202 539 1249 non
562 1191 675 1250 tantum
697 1187 770 1250 nibil
792 1187 938 1271 prodest,
961 1187 1016 1252 sed
1041 1188 1101 1252 ob-

82 1301 124 1360 est
142 1297 249 1382 lapsis.
294 1297 481 1362 Provocasse
503 1305 551 1363 est
572 1300 646 1362 bam
667 1317 728 1364 non
757 1317 899 1365 servasse
916 1297 943 1380 8)
973 1308 1101 1366 senten-

81 1409 162 1490 tiam,
201 1428 263 1474 nec
300 1410 533 1475 misericordiam
567 1413 650 1494 prius
686 1413 797 1477 domini
817 1410 845 1491 ⁴)
882 1413 1100 1494 deprecandam

82 1528 198 1603 putare,
232 1520 289 1586 aed
322 1527 492 1605 contempto
524 1521 644 1587 domino
676 1523 714 1587 de
748 1543 802 1588 sua
835 1524 973 1590 facilitate
1008 1545 1101 1611 prae-

53 1653 205 1700 lusumere.
254 1635 390 1703 Subura
413 1634 498 1713 deii)
520 1637 634 1702 animae
659 1639 828 1703 occisorum
852 1647 1016 1724 martyrum
1035 1641 1102 1705 cla-

84 1757 158 1813 mant
179 1769 291 1834 magna
312 1768 390 1815 voce
419 1751 554 1816 dicentes
573 1747 619 1830 6)ε
655 1751 839 1835 Quousque,
873 1754 995 1818 domim
1023 1775 1101 1818 aaa·

85 1870 147 1927 ctus
159 1859 186 1942 1)
221 1871 254 1928 et
284 1883 393 1944 centa,
426 1883 489 1961 aaa
523 1864 647 1928 iadicaa
680 1873 710 1929 ct
740 1866 886 1930 vindicas
919 1869 1101 1950 sanquinem

86 2119 174 2172 indicii
190 2121 248 2174 diae
267 2118 383 2183 venerit,
410 2133 471 2170 anat
494 2125 556 2186 poet
576 2132 702 2170 eceman
721 2115 747 2166 in
764 2121 836 2167 textu
862 2117 954 2168 omissa
978 2115 1011 2169 ab
1029 2133 1050 2170 r.
1068 2134 1102 2172 m.

86 2207 109 2257 in
124 2222 172 2276 nup.
190 2204 271 2258 babet
287 2202 334 2256 tto.
371 2199 433 2253 'lum
452 2203 535 2258 baiana
553 2205 640 2257 caerati
660 2212 684 2256 et
707 2204 789 2256 baiae
809 2205 907 2278 'manda'
923 2203 955 2255 A.
990 2202 1058 2258 Part.
1078 2217 1102 2260 et

86 2294 109 2345 in
132 2293 171 2346 blc
197 2310 218 2346 r.
246 2309 281 2345 m.
306 2307 382 2360 snpra
408 2289 512 2342 addidit.
553 2288 612 2341 bion
639 2292 763 2350 aetidarit
786 2287 848 2342 Bab.
873 2288 911 2356 A,
940 2294 1028 2345 astitit
1049 2291 1103 2360 bid,

87 2385 187 2452 afuerit
203 2381 253 2435 ilc.
290 2379 319 2448 2)
340 2389 457 2435 ueterem
475 2377 516 2430 W·
554 2375 655 2430 Deinde
672 2394 850 2449 praeparparu
867 2376 901 2442 Α,
916 2396 1033 2449 propera
1051 2379 1102 2433 bld.

89 2468 158 2526 Voce.
179 2472 357 2541 festinacione
383 2469 541 2522 temerariae
567 2473 607 2518 ter
631 2473 690 2518 eunt
714 2467 807 2533 scripta
832 2466 857 2516 in
883 2467 905 2516 A
930 2473 957 2516 at
981 2467 1016 2519 ita
1043 2469 1102 2537 qui-

89 2556 155 2624 dem,
178 2558 306 2610 attentio
329 2555 387 2608 loco
412 2554 512 2624 legatur
532 2557 664 2610 tama-iae.
701 2553 763 2606 Tum
787 2555 904 2608 remissa
922 2552 964 2606 bib
989 2563 1016 2607 et
1040 2559 1104 2611 dare

90 2661 116 2698 aa
132 2651 254 2718 cuiqnam
274 2647 332 2714 (pro
351 2641 468 2711 cuneda)
487 2641 538 2708 bb,
558 2659 588 2697 aa
606 2645 729 2711 cuiquam
746 2644 810 2696 dare
829 2640 869 2694 ed.
888 2640 1009 2694 Darentr.
1047 2641 1102 2699 Ga-

90 2739 165 2786 terum
182 2736 289 2787 inverso
306 2731 396 2784 ordine
414 2729 471 2783 edd.
484 2729 626 2782 blanutiane
639 2731 791 2798 antiquiores
811 2727 930 2782 exhibent
947 2749 978 2786 ae
997 2722 1103 2788 attactis

91 2822 154 2875 dare
189 2821 248 2875 idox
267 2831 313 2876 caat
331 2821 449 2872 omissum
468 2819 493 2870 in
513 2818 623 2884 eodem,
648 2818 674 2870 in
697 2816 737 2870 blc
763 2826 848 2872 autem
872 2818 1068 2887 superscriptum
1089 2835 1105 2871 a

91 2921 108 2956 r.
125 2923 155 2961 m.
190 2908 257 2962 Dein
274 2911 398 2963 scindere
414 2923 452 2977 pr.
471 2905 518 2959 bic.
554 2904 633 2958 Paulo
651 2915 710 2975 post
728 2922 775 2977 pro
798 2909 847 2960 aed
870 2915 895 2960 et
919 2910 991 2960 abeat
1015 2909 1105 2975 recepi

93 2995 134 3048 aad
150 3000 220 3052 ciaet
238 3013 254 3050 e
270 2995 347 3050 codd.
366 2993 406 3046 bic
425 3002 452 3046 et
468 2994 501 3060 A,
520 2993 670 3065 quibuscum
687 2993 750 3045 iacit
767 2995 843 3045 etiam
864 2991 992 3061 enemplar
1011 2993 1103 3046 blanu-

93 3081 186 3136 tiannm.
217 3083 274 3137 Nee
292 3081 367 3134 aliter
383 3096 422 3150 pr.
439 3079 575 3150 legebatur
593 3081 619 3133 in
632 3079 681 3134 bib.
711 3079 767 3132 Vid.
782 3079 975 3132 llamsborn.
997 3077 1104 3132 Gramm.

92 3165 252 3237 Lat.§.190.
271 3170 300 3224 Β.
319 3169 343 3223 3.
362 3185 384 3222 a.
403 3185 428 3238 p.
448 3168 508 3221 835.
538 3168 587 3221 Pro
605 3168 726 3235 tapaiaA
743 3169 822 3222 babet
841 3171 942 3238 impiis.
979 3166 1008 3236 3)
1026 3167 1105 3222 Pra-

93 3271 198 3313 aocaaae
215 3260 249 3313 ad
266 3262 336 3312 irata
353 3267 377 3312 et
394 3274 447 3312 aon
465 3271 594 3311 amaena
605 3253 635 3308 A.
672 3255 701 3325 4)
719 3255 756 3308 lta
774 3271 820 3325 pro
833 3254 902 3324 vulg.
915 3257 958 3310 dei
968 3253 1009 3307 W.
1022 3252 1104 3306 blabo.

93 3337 149 3396 Bab.
165 3348 196 3397 A.
231 3343 305 3397 (loni.
325 3342 386 3413 Gap.
404 3341 469 3395 xw.
514 3341 572 3394 blox
596 3357 643 3411 pro
668 3345 811 3411 facultate,
837 3340 905 3410 quod
930 3357 945 3392 a
970 3339 1104 3393 cambron.

95 3443 136 3479 auo
159 3433 253 3498 primus
278 3432 374 3485 invexit
398 3427 542 3494 Pamelius,
571 3444 647 3498 quem
676 3426 783 3496 posthac
807 3429 888 3480 secuti
910 3436 969 3481 sunt
992 3427 1106 3480 editores

95 3528 184 3585 omues,
202 3537 259 3572 cum
278 3519 347 3572 libris
365 3517 405 3570 W.
425 3516 474 3570 bia.
492 3516 555 3569 bab.
574 3516 597 3568 A
616 3523 641 3568 et
659 3531 753 3568 novem
770 3523 831 3568 vett.
850 3513 951 3580 Belua,
969 3516 995 3568 in
1014 3515 1106 3585 quibus

96 3604 275 3676 absegmen,
294 3607 383 3675 scripsi
399 3609 542 3674 facilitate,
561 3603 629 3676 quod
647 3606 673 3656 in
692 3604 747 3656 eliis
766 3612 884 3674 quattuor
901 3620 916 3657 a
934 3602 1039 3656 Beluaio
1058 3618 1106 3656 ex·

96 3694 169 3744 cussis
194 3695 359 3766 depravatum
384 3702 424 3748 est
450 3695 475 3746 in
501 3697 634 3765 felicitate.
680 3693 710 3762 5)
738 3695 838 3748 domiai
864 3691 912 3745 bic.
957 3689 1019 3744 Tum
1046 3707 1108 3746 eoae

97 3791 184 3849 mana
200 3783 265 3837 blbc.
284 3781 315 3836 A.
351 3779 526 3851 supano,
546 3779 586 3832 10.
623 3777 653 3849 7)
672 3782 794 3834 dominae
818 3788 930 3834 sanctae
946 3777 994 3834 blo.
1032 3776 1107 3844 Quod

98 3869 202 3934 aequior
219 3882 243 3928 at
261 3886 311 3926 om.
329 3873 398 3925 idem
416 3870 489 3924 liber.
527 3871 638 3924 bomine
655 3886 708 3922 noa
728 3858 851 3924 vindicas
874 3876 900 3922 et
920 3883 975 3922 aaa
998 3868 1107 3922 iudicas

99 3961 245 4026 tmpaiaem
263 3959 342 4012 babet
359 3957 408 4011 bid.
445 3956 503 4010 blox
523 3959 553 4010 da
571 3959 628 4025 life
646 3955 669 4010 A
687 3972 710 4008 c.
730 3955 770 4008 ed.
790 3953 927 4019 Davanam
952 3957 984 4009 de
1006 3956 1044 4008 iia
1064 3952 1107 4006 le-

100 4040 159 4106 ffl'tur
174 4045 201 4098 in
218 4047 277 4102 add.
295 4055 359 4100 vett.
378 4053 405 4099 at
421 4047 447 4098 in
465 4044 530 4098 libro
549 4044 582 4096 da
600 4045 721 4112 patientia
738 4056 764 4112 p.
777 4042 837 4096 254.
866 4041 966 4095 Deinde
984 4043 1013 4095 ia
1031 4050 1106 4095 tarta-
