2874 4806
781 419 843 488 tto

310 602 370 666 que
402 582 542 647 admonet
565 577 753 642 coercentes
776 577 866 641 etad
890 577 1123 642 ecclesiasticam
1145 574 1321 658 disciplinam

310 697 452 778 religiosa
477 693 690 759 observatione
712 689 928 768 moderandas,
959 708 1037 770 quae
1063 707 1210 752 excusare
1232 689 1323 754 cultus

310 827 383 873 snos
406 809 523 871 soleant
545 823 599 886 per
621 804 765 879 maritum,
788 808 898 882 quanto
922 801 951 864 id
967 803 1062 885 magis
1078 803 1245 866 observare
1264 804 1324 866 vir·
1409 869 1410 872 ,

310 924 411 1006 ginem
435 921 479 984 ias
504 925 564 997 est,
589 918 637 979 cni
658 916 738 980 nulla
762 923 885 979 ornatus
908 917 955 979 sui
977 923 1117 998 conpetat
1140 919 1243 997 venia,
1263 935 1326 981 mec

285 1034 441 1100 sderivari
472 1035 501 1094 in
532 1031 656 1092 alterum
688 1029 783 1109 possit
811 1027 996 1090 mendacium
1026 1029 1148 1110 culpae,
1182 1031 1237 1094 sed
1266 1033 1327 1095 sola
1410 1029 1411 1036 '

221 1123 224 1132 ¹
312 1151 377 1231 ipsa
399 1149 550 1208 remancat
572 1144 603 1206 in
627 1141 770 1204 crimine..
806 1141 1000 1221 Locupletem
1030 1148 1060 1204 le
1087 1143 1165 1207 dicis
1197 1152 1227 1208 et
1253 1147 1325 1209 divi·
1411 1227 1412 1232 ἵ

313 1267 380 1325 tem.
426 1259 485 1324 Sed
508 1274 570 1320 non
593 1273 691 1334 omne,
714 1254 796 1335 qnod
820 1261 930 1335 potest,
954 1255 1044 1318 dehet
1067 1263 1097 1319 et
1118 1256 1185 1320 lieri
1202 1254 1246 1339 ⁸),
1276 1277 1326 1326 nee

314 1374 463 1440 desideria
492 1372 609 1453 prolixa
641 1377 672 1432 et
702 1369 740 1431 de
768 1369 879 1432 saeculi
902 1371 1061 1448 ambitione
1084 1376 1238 1438 nascentia
1259 1377 1327 1438 ultra
1412 1377 1413 1400 ³

314 1493 462 1554 honorem
484 1506 519 1548 ac
542 1485 689 1567 pudorem
718 1483 895 1567 virginitatis
928 1487 1067 1565 extendi,
1098 1505 1164 1550 cum
1195 1490 1328 1571 scriptum

277 1625 303 1669 lo
316 1599 407 1681 s1t9)
434 1602 546 1666 Omnia
569 1601 680 1676 licent,
703 1600 761 1661 sed
783 1617 847 1660 non
870 1600 975 1660 omnio
998 1600 1176 1678 expediunt.
1226 1602 1330 1665 Omnia
1413 1576 1414 1588 ¹

317 1722 427 1794 licent,
457 1717 514 1778 sed
543 1734 605 1777 non
633 1714 739 1776 omnin
762 1713 933 1793 aedificent
951 1709 997 1791 ¹⁰)
1044 1713 1182 1779 Celerum
1205 1716 1232 1778 si
1255 1723 1283 1778 tr
1303 1722 1330 1776 le
1414 1780 1415 1804 p

316 1832 519 1914 sumptuosius
545 1846 645 1892 comes
669 1835 701 1890 et
722 1845 778 1908 per
799 1827 948 1908 publicum
964 1825 1002 1904 ¹¹)
1019 1829 1188 1892 notabiliter
1203 1829 1328 1908 incedas,
1414 1811 1415 1822 ³

318 1947 423 2010 oculos
456 1947 486 2008 in
522 1951 550 2008 te
586 1943 748 2006 iuventutis
782 1941 912 2021 inlicias,
948 1943 1073 2022 suspirio
1107 1939 1332 2008 adulescentium

269 2097 280 2104 ν
323 2105 528 2118 -ιι-η--ι--ι-

316 2188 397 2242 Emm.
416 2189 441 2240 2.
460 2187 488 2240 Β.
508 2187 556 2239 lid.
574 2187 606 2251 Α,
624 2188 686 2236 item
704 2184 762 2236 edd.
781 2191 844 2237 vett.
865 2201 887 2235 c.
906 2183 996 2236 Remb.
1026 2184 1055 2236 ln
1074 2201 1145 2255 seqq.
1165 2192 1251 2244 culeos
1270 2207 1332 2244 eune

316 2276 337 2329 B
357 2286 382 2329 ct
400 2275 430 2328 A.
467 2275 545 2326 Paulo
564 2282 622 2341 post
641 2275 753 2342 conpetit
771 2270 812 2324 Fr.
833 2269 914 2324 Enim.
934 2271 969 2335 2.,
988 2278 1107 2340 competit
1124 2279 1212 2329 veniat
1230 2276 1292 2345 (sie)
1305 2276 1331 2326 Α.

318 2362 390 2426 Quod
414 2365 526 2432 sequitur
550 2379 598 2414 nec
625 2377 639 2412 a
664 2376 684 2411 r.
710 2377 742 2412 m.
768 2359 848 2411 habet
865 2359 905 2412 W.
950 2358 1012 2410 Tum
1036 2365 1155 2417 demorari
1177 2382 1287 2433 possem
1308 2368 1333 2417 ln

318 2456 430 2506 alterum
447 2451 478 2502 Α.
524 2449 553 2518 8)
580 2458 603 2502 el
626 2451 701 2518 fieri,
726 2466 786 2502 cum
813 2451 944 2518 scriptum
968 2452 1005 2502 cit
1033 2450 1179 2514 (intermed.
1208 2452 1272 2519 om.)
1296 2451 1332 2503 Fr.

317 2538 397 2589 Emm.
417 2537 440 2590 2.
477 2537 526 2606 Pro
550 2540 654 2592 soeculi
671 2533 726 2586 ital.
748 2536 771 2586 2.
792 2539 934 2589 saecnelere’.
980 2535 1010 2604 9)
1031 2536 1053 2587 1.
1074 2535 1132 2590 Cer.
1152 2534 1177 2602 6,
1199 2538 1230 2588 12
1252 2547 1277 2593 et
1297 2539 1332 2602 10,

318 2624 360 2677 23.
397 2624 442 2692 10)
461 2628 594 2693 aedificent
611 2622 642 2674 Α.
681 2622 727 2688 11)
746 2639 795 2693 per
812 2626 946 2692 puplicum
966 2621 1005 2676 ila
1024 2641 1047 2674 c.
1067 2619 1243 2679 edilaventr.
1274 2625 1331 2678 ltem

319 2728 356 2779 pr.
370 2711 410 2762 W.
442 2709 496 2761 Nec
509 2709 587 2762 multo
600 2720 657 2779 post
669 2715 794 2768 iuvenum
813 2726 859 2778 pro
878 2714 1023 2766 iuventutis
1035 2710 1184 2764 Aldheimus
1205 2714 1246 2766 ed.
1262 2712 1332 2765 Giles.

319 2799 380 2850 Tum
392 2801 598 2853 adulescentium
608 2799 648 2852 W.
660 2799 716 2851 ittet
730 2807 755 2850 et
764 2798 805 2850 Fr.
816 2797 897 2850 Emm.
908 2798 942 2864 2.,
956 2803 1160 2854 adolescentium
1173 2801 1234 2854 edo,
1244 2801 1331 2852 uanus.

320 2893 346 2938 et
363 2887 532 2953 posteriores,
558 2891 752 2942 adolescentum
770 2888 973 2956 praecedentes,
998 2889 1058 2938 ilem
1077 2886 1232 2942 Aldhelmns.
1270 2888 1331 2940 Dein

321 2977 519 3056 conscupiscentq‘
537 2974 564 3028 B.
602 2974 664 3026 Tum
684 2979 810 3045 sperandi
827 2980 941 3043 fomenta
957 2975 998 3028 W.
1017 2975 1100 3026 lllabd.
1119 2973 1154 3039 Β,
1173 2984 1233 3026 octo
1253 2974 1328 3026 Bala-

321 3133 401 3196 ziani‚
420 3130 545 3184 Aldhelm.
565 3141 591 3184 et
609 3132 649 3184 ed.
669 3131 777 3197 Manet,
801 3065 928 3202 mm}
953 3137 1016 3203 fem.
1036 3135 1081 3200 (ex
1101 3140 1161 3184 mut.
1181 3150 1201 3186 r.
1223 3135 1270 3198 ιιι.)
1291 3131 1335 3196 lte,

321 3223 446 3290 sperandi
465 3220 508 3288 [ab
528 3235 547 3270 r.
567 3237 599 3271 m.
618 3236 745 3288 superscr.
765 3219 822 3285 „vel
840 3222 992 3273 ιιιοσ11ιιιιιὶἱα
1013 3218 1042 3288 (l.
1062 3224 1228 3284 moechandi)
1256 3226 1277 3289 f.
1295 3218 1335 3270 Fr.

322 3307 403 3359 Emm.
422 3309 457 3373 2.‚
476 3312 604 3377 sperandi
620 3313 737 3378 fomitem
755 3305 825 3372 Ver,
843 3311 979 3376 spectandi
995 3313 1110 3376 sementa
1128 3306 1160 3372 Α,
1178 3311 1302 3378 peccandi
1317 3309 1334 3375 f·

324 3411 388 3447 unus
411 3393 476 3446 liber
494 3394 598 3461 Baium,
622 3405 775 3465 veteresque
801 3395 859 3448 edd.
879 3411 901 3448 c.
920 3395 1017 3448 Erasm.
1038 3393 1113 3447 Grau.
1133 3395 1232 3447 Morell.
1259 3391 1336 3462 (conf.

324 3481 452 3549 delapsis
472 3479 531 3549 Cap.
551 3482 632 3550 xli),
661 3500 725 3535 unus
743 3482 828 3535 Baluz.
855 3487 974 3553 elipandi
996 3488 1036 3554 12,
1064 3484 1126 3535 alius
1152 3486 1293 3552 stuprandi
1308 3484 1335 3548 fl,

325 3571 375 3622 duo
403 3573 560 3638 suspirandi
581 3575 603 3638 f.
647 3570 719 3622 Hanc
746 3571 883 3622 lectionem
911 3587 925 3622 a
950 3571 1049 3623 duobus
1074 3571 1146 3623 libris
1170 3571 1229 3623 Mss.
1250 3571 1336 3638 primus

326 3665 460 3724 receperat
484 3655 610 3710 Pamalius
637 3674 746 3726 eumque
773 3659 880 3726 posthac
909 3660 992 3711 secuti
1019 3667 1078 3710 sunt
1105 3659 1218 3711 aditores
1237 3669 1335 3735 omnes.

327 3744 384 3797 Mox
402 3751 431 3798 eet
449 3753 474 3798 et
490 3744 593 3812 ipsud.
623 3745 651 3798 ln
669 3760 739 3813 seqq
761 3745 828 3798 idem
847 3762 897 3799 om
910 3758 941 3800 tc.
972 3746 1196 3802 Tnmcidenta'tcs
1216 3749 1335 3800 cedidere

329 3901 454 3954 Aldhelm
496 3902 545 3953 Pro
570 3907 699 3962 excusari
716 3903 758 3960 Fr.
776 3885 856 3956 Emm.
876 3905 900 3958 2.
919 3905 962 3958 dat
983 3923 1123 3962 amoene
1171 3904 1237 3960 Dein
1262 3834 1335 3970 quint

330 3987 380 4054 Mb,
399 3993 462 4058 quia
479 3992 506 4050 et
523 3987 552 4046 B
