2874 4806
788 429 928 492 ot-

303 583 456 668 didisset),
488 585 542 650 sed
572 583 645 652 rllio'
661 587 698 650 ab
727 585 870 652 inmundo
892 586 998 670 spiritu
1019 585 1159 651 inmunda
1182 591 1323 670 correpta

300 701 421 766 laniavit
442 700 580 766 domibus
601 701 741 786 lingnam,
766 721 825 784 qua
847 701 944 768 iuerat
973 701 1022 766 vel
1052 709 1136 784 pasta
1159 701 1239 784 inpio
1271 699 1323 765 vel

297 816 407 882 locuta.
452 816 612 899 Postquam
635 818 799 882 sceleratus
822 818 906 882 ribus
929 823 1062 900 sumptus
1087 825 1150 900 est,
1176 799 1213 880 ‘in
1244 835 1323 898 per-

299 930 407 994 niciem
435 947 519 995 suam
548 931 648 996 rabies
679 932 740 996 oris
772 937 882 996 armata
914 937 968 996 est.
1012 932 1079 1014 lpsa
1110 932 1157 996 sui
1185 929 1325 994 carnifex

272 1043 429 1122 sexstitit,
450 1062 507 1108 neo
537 1039 587 1107 diu
614 1059 776 1126 superesse
798 1044 987 1126 postmodum
1009 1045 1113 1127 potuit
1157 1044 1325 1109 Doloribus

301 1157 413 1220 ventris
437 1165 466 1223 et
488 1160 639 1223 visomum
661 1159 793 1223 oruoiata
815 1157 934 1223 delerit.

769 1355 853 1428 XX.

389 1503 552 1566 Praesente
574 1521 610 1566 ao
629 1501 654 1582 Ι)
676 1509 753 1568 testa
774 1523 822 1567 me
845 1505 912 1585 ipso
935 1502 1060 1584 accipite
1082 1501 1152 1597 quid
1176 1501 1327 1564 evenerit.

301 1617 443 1681 Parentes
465 1615 544 1680 forte
566 1609 717 1701 fugientes
733 1615 793 1698 π),.
810 1617 880 1682 dum
902 1617 1010 1719 trepidi
1033 1617 1130 1680 minus
1153 1614 1327 1697 consulunt,
1425 1677 1426 1692 ,

302 1731 357 1794 sub
379 1731 503 1795 nutricis
526 1730 665 1796 alimento
688 1732 841 1816 parvulam
862 1731 951 1795 liliam
966 1732 1152 1814 reliquerunt
1159 1753 1169 1810 3
1189 1730 1328 1794 relictam
1425 1721 1426 1774 l

263 1846 404 1912 tonutrix
426 1844 530 1911 detulit
552 1843 590 1909 ad
612 1844 808 1930 magistratus.
854 1845 898 1909 llli
921 1845 949 1909 ei
963 1841 992 1926 3)
1016 1844 1094 1928 apud
1117 1843 1240 1924 idolum,
1263 1862 1327 1926 quo

302 1959 432 2044 populus
455 1956 641 2039 confluebat,
665 1957 746 2041 quod
768 1975 889 2022 earnem
912 1957 1039 2022 necdum
1061 1964 1168 2040 posset
1179 1955 1208 2037 ⁴)
1231 1956 1328 2022 edere

303 2092 359 2157 por
381 2079 526 2154 aetatem,
548 2090 656 2156 panem
679 2091 762 2138 mero
784 2072 925 2153 mixtum,
951 2072 1032 2155 quod
1053 2079 1152 2136 tamen
1176 2078 1206 2136 et
1228 2072 1328 2155 ipsum

304 2187 343 2252 de
365 2187 559 2252 inmolatione
582 2188 775 2274 pereuntium.
793 2194 964 2271 supererat,
986 2184 1179 2251 tradiderunt.
1223 2185 1329 2250 Rece-

303 2302 347 2384 pit
368 2299 495 2382 filiam⁵)
516 2301 707 2385 postmodum
729 2308 831 2367 mater.
872 2302 932 2366 Sed
944 2297 971 2378 6)
993 2300 1108 2366 lacinus
1124 2301 1223 2384 puella
1238 2319 1329 2364 oom-

265 2425 289 2470 m
303 2415 423 2480 missum
456 2422 513 2480 tam
546 2417 629 2497 loqui
663 2422 694 2479 et
725 2415 857 2480 indicare
892 2433 955 2479 non
993 2415 1105 2496 potuit,
1143 2434 1230 2497 quam
1268 2433 1330 2477 nec

302 2529 479 2614 intellegere
509 2530 592 2611 prius
623 2530 737 2611 potuit,
769 2547 826 2593 neo
857 2547 970 2593 arcere.
1016 2529 1207 2614 ignoratione
1235 2529 1329 2614 igitur

305 2707 506 2718 —n—-n-u-r—

303 2813 392 2883 Grau.)
416 2815 512 2883 reperit
528 2813 646 2868 Baluaius
670 2817 696 2868 in
721 2815 821 2869 duobus
839 2825 900 2870 vett.
919 2817 989 2869 libris
1013 2832 1073 2870 mss.
1110 2813 1173 2866 Tum
1199 2827 1246 2880 pro
1274 2831 1328 2884 pua

302 2897 350 2953 lla.
368 2899 431 2954 Bab.
450 2901 474 2952 Α
492 2910 519 2954 et
543 2918 558 2953 a
580 2919 619 2972 pr.
637 2919 670 2956 m.
688 2901 730 2954 lib
757 2902 816 2954 dant
841 2921 924 2974 puae,-
950 2905 1011 2956 item
1036 2899 1127 2968 Grau,
1152 2902 1195 2970 qui
1220 2899 1327 2952 alteram

302 2990 437 3043 lectionem
453 2981 496 3043 ”ad
519 3006 570 3059 mg.
589 2991 686 3042 reiecit.
729 2987 795 3042 Dein
818 3002 897 3060 porta
922 2991 1000 3044 habet
1023 2990 1070 3042 Bb.
1114 2988 1188 3054 Quod
1212 2987 1330 3056 sequitur

303 3076 360 3130 adv.
377 3081 452 3147 inpio
469 3093 519 3130 om.
537 3077 571 3144 Α,
589 3081 633 3133 vot
651 3079 731 3148 impio
748 3080 839 3131 locuta
856 3077 945 3130 scribit
962 3077 1014 3144 lib,
1032 3081 1139 3148 loquuta
1155 3074 1203 3128 llo.

372 3163 423 3219 XX.
452 3165 480 3236 i)
499 3175 524 3220 ot
540 3162 589 3218 lla.
626 3163 654 3231 ²)
673 3169 795 3235 [ugentes
815 3164 854 3218 W.
890 3163 950 3217 Mox
971 3167 1072 3235 crepidi
1087 3164 1120 3229 Α,
1140 3164 1265 3232 intrepidi
1282 3160 1329 3214 Ba.

186 3251 190 3257 ’
303 3251 370 3305 Dein
387 3255 470 3308 minis
487 3255 551 3308 ruis
568 3252 600 3320 Α,
618 3256 711 3309 asinus
728 3255 775 3308 sui
793 3254 878 3322 (pron.
895 3257 941 3308 oui
953 3253 1020 3321 typis
1032 3251 1207 3304 minutioribus
1219 3251 1328 3315 excuso)

305 3337 394 3407 Grau,
418 3343 509 3394 minue
533 3343 587 3394 citi
613 3357 655 3392 oro
664 3339 769 3392 Cauchii
796 3341 942 3393 coniectura
959 3338 1093 3392 Pameliust
1129 3338 1153 3391 lo
1172 3339 1198 3390 in
1216 3337 1328 3390 adnoto-

303 3426 416 3480 tionibue
435 3428 485 3478 ait:
506 3424 592 3494 „Fort
610 3425 747 3496 legendnm
766 3429 853 3482 suie.“
889 3425 950 3478 Mox
964 3429 1102 3498 parvolam
1120 3440 1157 3495 pr.
1177 3423 1229 3476 lib.
1265 3421 1329 3474 'lum
1364 3481 1367 3490 ¹

304 3517 398 3570 relicta
416 3514 464 3566 Mo.
507 3513 535 3580 ³)
554 3525 580 3570 ot
596 3514 646 3568 tle.
680 3514 730 3566 l'ro
752 3519 820 3584 guod
837 3515 870 3568 W
889 3533 946 3585 quo.
989 3514 1018 3580 4)
1036 3516 1125 3584 possit
1141 3510 1191 3562 lic.
1226 3508 1330 3562 Deinde

303 3619 397 3671 ponem
413 3603 539 3657 mordidit
555 3606 671 3658 mixtum
688 3600 746 3653 cod.
761 3599 922 3654 Pithoeanus.
957 3599 1044 3653 Statim
1057 3602 1103 3671 qui
1120 3609 1207 3652 teman
1226 3605 1250 3651 ot
1267 3599 1327 3666 ipso

307 3717 339 3728 -
357 3698 494 3760 perentam
513 3687 568 3754 llo,
593 3690 655 3741 illut
680 3689 759 3754 (illud
776 3686 822 3756 W)
841 3697 926 3742 tamon
945 3696 970 3742 ot
987 3689 1068 3756 ipsud
1084 3683 1134 3751 lla,
1152 3686 1234 3754 ipsud
1250 3686 1330 3737 otiam

305 3771 352 3828 Ba.
387 3775 449 3828 Tum
467 3777 497 3832 do
519 3777 692 3830 immolaticio
717 3777 771 3841 (oio
798 3777 824 3827 in
851 3776 913 3840 ras.)
933 3773 984 3828 lib.
1020 3771 1088 3825 Dein
1105 3779 1244 3842 superorat
1261 3769 1285 3822 Δ
1304 3775 1330 3820 et

307 3874 451 3989 ualidam
468 3929 514 3986 m.
550 3932 579 4003 5)
597 3931 674 3985 Addit
693 3951 772 3989 suom
789 3931 839 3985 lllh.
876 3932 904 3998 6)
924 3935 960 3988 m
976 3930 1017 3982 W.
1035 3929 1091 3996 lla,
1116 3931 1164 3984 eod
1180 3930 1328 3998 intelligere

308 4021 372 4091 (pr.)
390 4020 522 4074 intermod.
541 4035 607 4089 om,
632 4035 699 4092 quaa
722 4038 743 4076 r.
762 4037 797 4075 m.
815 4021 848 4075 ad
866 4035 917 4090 mg.
935 4019 1039 4085 adierit,
1057 4017 1105 4071 llo.
1140 4016 1200 4072 ltox
1216 4033 1264 4072 nos
1281 4017 1328 4070 io-
