<?xml version="1.0" encoding="UTF-8"?>
<!DOCTYPE html PUBLIC "-//W3C//DTD XHTML 1.0 Transitional//EN"
    "http://www.w3.org/TR/xhtml1/DTD/xhtml1-transitional.dtd">
<html xmlns="http://www.w3.org/1999/xhtml" xml:lang="en" lang="en">
 <head>
  <title>
</title>
<meta http-equiv="Content-Type" content="text/html;charset=utf-8" />
  <meta name='ocr-system' content='tesseract 3.04.00' />
  <meta name='ocr-capabilities' content='ocr_page ocr_carea ocr_par ocr_line ocrx_word'/>
</head>
<body>
  <div class='ocr_page' id='page_1' title='image "./scaecilicyprian00krabgoog_0112.png"; bbox 0 0 2874 4806; ppageno 0'>
   <div class='ocr_carea' id='block_1_1' title="bbox 617 439 657 506">
    <p class='ocr_par' dir='ltr' id='par_1_1' title="bbox 617 439 657 506">
     <span class='ocr_line' id='line_1_1' title="bbox 617 439 657 506; baseline 0 0"><span class='ocrx_word' id='word_1_1' title='bbox 617 439 657 506; x_wconf 86' lang='lat' dir='ltr'><strong>ut</strong></span> 
     </span>
    </p>
   </div>
   <div class='ocr_carea' id='block_1_2' title="bbox 137 597 1253 686">
    <p class='ocr_par' dir='ltr' id='par_1_2' title="bbox 137 597 1253 686">
     <span class='ocr_line' id='line_1_2' title="bbox 137 597 1253 686; baseline 0.006 -24"><span class='ocrx_word' id='word_1_2' title='bbox 137 599 216 664; x_wconf 88' lang='lat' dir='ltr'><strong>victa</strong></span> <span class='ocrx_word' id='word_1_3' title='bbox 240 599 364 682; x_wconf 86' lang='lat' dir='ltr'><strong>perfidia</strong></span> <span class='ocrx_word' id='word_1_4' title='bbox 387 601 535 684; x_wconf 88' lang='lat' dir='ltr'><strong>puniatur.</strong></span> <span class='ocrx_word' id='word_1_5' title='bbox 573 599 616 664; x_wconf 88' lang='lat' dir='ltr'><strong>ltu</strong></span> <span class='ocrx_word' id='word_1_6' title='bbox 637 605 784 684; x_wconf 77' lang='lat' dir='ltr'><strong>martyres</strong></span> <span class='ocrx_word' id='word_1_7' title='bbox 805 607 856 666; x_wconf 87' lang='lat' dir='ltr'><strong>aut</strong></span> <span class='ocrx_word' id='word_1_8' title='bbox 877 601 949 666; x_wconf 86' lang='lat' dir='ltr'><strong>nihil</strong></span> <span class='ocrx_word' id='word_1_9' title='bbox 962 597 1002 678; x_wconf 84' lang='lat'><strong>¹⁰)</strong></span> <span class='ocrx_word' id='word_1_10' title='bbox 1023 609 1158 686; x_wconf 78' lang='lat' dir='ltr'>possunt,</span> <span class='ocrx_word' id='word_1_11' title='bbox 1250 625 1253 632; x_wconf 86' lang='lat'><em>·</em></span> 
     </span>
    </p>
   </div>
   <div class='ocr_carea' id='block_1_3' title="bbox 97 715 1245 2391">
    <p class='ocr_par' dir='ltr' id='par_1_3' title="bbox 97 715 1245 2391">
     <span class='ocr_line' id='line_1_3' title="bbox 135 715 1245 800; baseline 0.004 -24"><span class='ocrx_word' id='word_1_12' title='bbox 135 715 163 776; x_wconf 85' lang='lat' dir='ltr'><strong>si</strong></span> <span class='ocrx_word' id='word_1_13' title='bbox 187 716 376 798; x_wconf 83' lang='lat' dir='ltr'><strong>evangelium</strong></span> <span class='ocrx_word' id='word_1_14' title='bbox 398 715 476 779; x_wconf 87' lang='lat' dir='ltr'><strong>solvi</strong></span> <span class='ocrx_word' id='word_1_15' title='bbox 499 720 618 797; x_wconf 86' lang='lat' dir='ltr'><strong>potest;</strong></span> <span class='ocrx_word' id='word_1_16' title='bbox 642 717 740 780; x_wconf 82' lang='lat' dir='ltr'><strong>uulsi</strong></span> <span class='ocrx_word' id='word_1_17' title='bbox 764 717 954 800; x_wconf 82' lang='lat' dir='ltr'><strong>evangelium</strong></span> <span class='ocrx_word' id='word_1_18' title='bbox 975 735 1037 780; x_wconf 96' lang='lat' dir='ltr'><strong>non</strong></span> <span class='ocrx_word' id='word_1_19' title='bbox 1058 722 1159 798; x_wconf 86' lang='lat' dir='ltr'><strong>potest</strong></span> <span class='ocrx_word' id='word_1_20' title='bbox 1239 717 1245 726; x_wconf 88' lang='lat'><em>&#39;</em></span> 
     </span>
     <span class='ocr_line' id='line_1_4' title="bbox 134 825 1158 912; baseline 0.004 -22"><span class='ocrx_word' id='word_1_21' title='bbox 134 825 222 906; x_wconf 88' lang='lat' dir='ltr'><strong>solvi,</strong></span> <span class='ocrx_word' id='word_1_22' title='bbox 247 835 352 890; x_wconf 86' lang='lat' dir='ltr'><strong>contra</strong></span> <span class='ocrx_word' id='word_1_23' title='bbox 376 829 567 912; x_wconf 81' lang='lat' dir='ltr'><strong>evangelium</strong></span> <span class='ocrx_word' id='word_1_24' title='bbox 589 828 694 892; x_wconf 85' lang='lat' dir='ltr'><strong>fucere</strong></span> <span class='ocrx_word' id='word_1_25' title='bbox 715 845 777 892; x_wconf 90' lang='lat' dir='ltr'><strong>non</strong></span> <span class='ocrx_word' id='word_1_26' title='bbox 800 837 928 911; x_wconf 77' lang='lat' dir='ltr'><strong>possunt</strong></span> <span class='ocrx_word' id='word_1_27' title='bbox 943 831 994 911; x_wconf 90' lang='lat' dir='ltr'><strong>qui</strong></span> <span class='ocrx_word' id='word_1_28' title='bbox 1009 829 1046 892; x_wconf 88' lang='lat' dir='ltr'><strong>de</strong></span> <span class='ocrx_word' id='word_1_29' title='bbox 1061 847 1158 894; x_wconf 91' lang='lat' dir='ltr'><strong>evan·</strong></span> 
     </span>
     <span class='ocr_line' id='line_1_5' title="bbox 134 937 1158 1023; baseline 0.004 -21"><span class='ocrx_word' id='word_1_30' title='bbox 134 940 216 1022; x_wconf 81' lang='lat' dir='ltr'><strong>gello</strong></span> <span class='ocrx_word' id='word_1_31' title='bbox 248 946 395 1023; x_wconf 79' lang='lat' dir='ltr'><strong>martyres</strong></span> <span class='ocrx_word' id='word_1_32' title='bbox 424 939 505 1004; x_wconf 81' lang='lat' dir='ltr'><strong>fiunt</strong></span> <span class='ocrx_word' id='word_1_33' title='bbox 558 939 670 1020; x_wconf 89' lang='lat' dir='ltr'><strong>Nemo,</strong></span> <span class='ocrx_word' id='word_1_34' title='bbox 701 937 810 1004; x_wconf 83' lang='lat' dir='ltr'><strong>fratres</strong></span> <span class='ocrx_word' id='word_1_35' title='bbox 841 941 1040 1021; x_wconf 80' lang='lat' dir='ltr'><strong>dilectissimi,</strong></span> <span class='ocrx_word' id='word_1_36' title='bbox 1070 959 1158 1006; x_wconf 90' lang='lat' dir='ltr'><strong>nemo</strong></span> 
     </span>
     <span class='ocr_line' id='line_1_6' title="bbox 105 1051 1159 1140; baseline 0.005 -27"><span class='ocrx_word' id='word_1_37' title='bbox 105 1053 257 1116; x_wconf 81' lang='lat' dir='ltr'><strong>aintamet</strong></span> <span class='ocrx_word' id='word_1_38' title='bbox 281 1051 318 1134; x_wconf 83' lang='lat'><strong>¹¹)</strong></span> <span class='ocrx_word' id='word_1_39' title='bbox 352 1059 516 1136; x_wconf 82' lang='lat' dir='ltr'><strong>martyrum</strong></span> <span class='ocrx_word' id='word_1_40' title='bbox 551 1053 742 1135; x_wconf 80' lang='lat' dir='ltr'><strong>dignitatem,</strong></span> <span class='ocrx_word' id='word_1_41' title='bbox 774 1070 862 1117; x_wconf 89' lang='lat' dir='ltr'><strong>nemo</strong></span> <span class='ocrx_word' id='word_1_42' title='bbox 897 1072 1002 1118; x_wconf 87' lang='lat' dir='ltr'><strong>eorum</strong></span> <span class='ocrx_word' id='word_1_43' title='bbox 1034 1055 1159 1140; x_wconf 80' lang='lat' dir='ltr'><strong>gloriam</strong></span> 
     </span>
     <span class='ocr_line' id='line_1_7' title="bbox 136 1165 1160 1249; baseline 0.008 -20"><span class='ocrx_word' id='word_1_44' title='bbox 136 1166 271 1230; x_wconf 87' lang='lat' dir='ltr'><strong>destruat</strong></span> <span class='ocrx_word' id='word_1_45' title='bbox 300 1174 331 1231; x_wconf 88' lang='lat' dir='ltr'><strong>et</strong></span> <span class='ocrx_word' id='word_1_46' title='bbox 361 1183 498 1231; x_wconf 88' lang='lat' dir='ltr'><strong>coronas.</strong></span> <span class='ocrx_word' id='word_1_47' title='bbox 553 1166 655 1232; x_wconf 84' lang='lat' dir='ltr'><strong>Manet</strong></span> <span class='ocrx_word' id='word_1_48' title='bbox 683 1167 875 1249; x_wconf 67' lang='lat' dir='ltr'><strong>incorruptae</strong></span> <span class='ocrx_word' id='word_1_49' title='bbox 895 1165 936 1247; x_wconf 74' lang='lat'><strong>¹²)</strong></span> <span class='ocrx_word' id='word_1_50' title='bbox 967 1169 1037 1234; x_wconf 85' lang='lat' dir='ltr'><strong>odei</strong></span> <span class='ocrx_word' id='word_1_51' title='bbox 1066 1172 1160 1236; x_wconf 89' lang='lat' dir='ltr'><strong>robur</strong></span> 
     </span>
     <span class='ocr_line' id='line_1_8' title="bbox 134 1280 1160 1363; baseline 0.004 -19"><span class='ocrx_word' id='word_1_52' title='bbox 134 1281 295 1362; x_wconf 85' lang='lat' dir='ltr'><strong>incolume,</strong></span> <span class='ocrx_word' id='word_1_53' title='bbox 318 1299 376 1346; x_wconf 89' lang='lat' dir='ltr'><strong>nec</strong></span> <span class='ocrx_word' id='word_1_54' title='bbox 399 1281 502 1346; x_wconf 84' lang='lat' dir='ltr'><strong>dicere</strong></span> <span class='ocrx_word' id='word_1_55' title='bbox 530 1282 642 1363; x_wconf 87' lang='lat' dir='ltr'><strong>aliquid</strong></span> <span class='ocrx_word' id='word_1_56' title='bbox 668 1289 724 1346; x_wconf 85' lang='lat' dir='ltr'><strong>out</strong></span> <span class='ocrx_word' id='word_1_57' title='bbox 753 1280 855 1348; x_wconf 84' lang='lat' dir='ltr'><strong>tacere</strong></span> <span class='ocrx_word' id='word_1_58' title='bbox 878 1289 989 1347; x_wconf 81' lang='lat' dir='ltr'><strong>¹curura</strong></span> <span class='ocrx_word' id='word_1_59' title='bbox 1012 1283 1160 1348; x_wconf 79' lang='lat' dir='ltr'><strong>Christum</strong></span> 
     </span>
     <span class='ocr_line' id='line_1_9' title="bbox 134 1395 1159 1478; baseline 0.004 -19"><span class='ocrx_word' id='word_1_60' title='bbox 134 1401 235 1477; x_wconf 89' lang='lat' dir='ltr'><strong>potest</strong></span> <span class='ocrx_word' id='word_1_61' title='bbox 257 1396 343 1460; x_wconf 86' lang='lat' dir='ltr'><strong>cuius</strong></span> <span class='ocrx_word' id='word_1_62' title='bbox 366 1402 492 1478; x_wconf 54' lang='lat' dir='ltr'><strong>et&#39;spes</strong></span> <span class='ocrx_word' id='word_1_63' title='bbox 515 1401 545 1460; x_wconf 93' lang='lat' dir='ltr'><strong>et</strong></span> <span class='ocrx_word' id='word_1_64' title='bbox 568 1395 644 1458; x_wconf 82' lang='lat' dir='ltr'><strong>fides</strong></span> <span class='ocrx_word' id='word_1_65' title='bbox 668 1403 698 1460; x_wconf 91' lang='lat' dir='ltr'><strong>et</strong></span> <span class='ocrx_word' id='word_1_66' title='bbox 721 1398 816 1460; x_wconf 74' lang='lat' dir='ltr'><strong>vitus</strong></span> <span class='ocrx_word' id='word_1_67' title='bbox 839 1403 870 1460; x_wconf 86' lang='lat' dir='ltr'><strong>et</strong></span> <span class='ocrx_word' id='word_1_68' title='bbox 890 1397 988 1478; x_wconf 82' lang='lat' dir='ltr'><strong>gloria</strong></span> <span class='ocrx_word' id='word_1_69' title='bbox 1011 1399 1107 1462; x_wconf 87' lang='lat' dir='ltr'><strong>omnis</strong></span> <span class='ocrx_word' id='word_1_70' title='bbox 1128 1400 1159 1463; x_wconf 91' lang='lat' dir='ltr'><strong>in</strong></span> 
     </span>
     <span class='ocr_line' id='line_1_10' title="bbox 136 1507 1160 1592; baseline 0.003 -20"><span class='ocrx_word' id='word_1_71' title='bbox 136 1507 255 1573; x_wconf 80' lang='lat' dir='ltr'><strong>Christo</strong></span> <span class='ocrx_word' id='word_1_72' title='bbox 279 1516 334 1573; x_wconf 89' lang='lat' dir='ltr'><strong>est.</strong></span> <span class='ocrx_word' id='word_1_73' title='bbox 378 1509 417 1574; x_wconf 88' lang='lat' dir='ltr'><strong>Ut</strong></span> <span class='ocrx_word' id='word_1_74' title='bbox 433 1507 470 1588; x_wconf 72' lang='grc'><strong>13)</strong></span> <span class='ocrx_word' id='word_1_75' title='bbox 494 1511 530 1574; x_wconf 86' lang='lat' dir='ltr'><strong>ob</strong></span> <span class='ocrx_word' id='word_1_76' title='bbox 554 1509 704 1592; x_wconf 88' lang='lat' dir='ltr'><strong>episcopis</strong></span> <span class='ocrx_word' id='word_1_77' title='bbox 728 1516 833 1573; x_wconf 82' lang='lat' dir='ltr'><strong>contra</strong></span> <span class='ocrx_word' id='word_1_78' title='bbox 855 1509 1022 1574; x_wconf 86' lang='lat' dir='ltr'><strong>mandatum</strong></span> <span class='ocrx_word' id='word_1_79' title='bbox 1046 1509 1094 1575; x_wconf 90' lang='lat' dir='ltr'><strong>dei</strong></span> <span class='ocrx_word' id='word_1_80' title='bbox 1110 1511 1160 1575; x_wconf 88' lang='lat' dir='ltr'><strong>tiut</strong></span> 
     </span>
     <span class='ocr_line' id='line_1_11' title="bbox 97 1621 1158 1705; baseline 0.01 -26"><span class='ocrx_word' id='word_1_81' title='bbox 97 1636 124 1680; x_wconf 81' lang='lat' dir='ltr'><strong>ao</strong></span> <span class='ocrx_word' id='word_1_82' title='bbox 138 1630 279 1686; x_wconf 85' lang='lat' dir='ltr'><strong>auctores</strong></span> <span class='ocrx_word' id='word_1_83' title='bbox 309 1639 380 1686; x_wconf 89' lang='lat' dir='ltr'><strong>esse</strong></span> <span class='ocrx_word' id='word_1_84' title='bbox 409 1641 472 1687; x_wconf 93' lang='lat' dir='ltr'><strong>non</strong></span> <span class='ocrx_word' id='word_1_85' title='bbox 501 1631 629 1705; x_wconf 88' lang='lat' dir='ltr'><strong>possunt</strong></span> <span class='ocrx_word' id='word_1_86' title='bbox 661 1625 711 1704; x_wconf 89' lang='lat' dir='ltr'><strong>qni</strong></span> <span class='ocrx_word' id='word_1_87' title='bbox 739 1623 797 1705; x_wconf 91' lang='lat' dir='ltr'><strong>ipsi</strong></span> <span class='ocrx_word' id='word_1_88' title='bbox 816 1621 855 1703; x_wconf 71' lang='grc' dir='ltr'><strong>Μ)</strong></span> <span class='ocrx_word' id='word_1_89' title='bbox 879 1623 927 1687; x_wconf 91' lang='lat' dir='ltr'><strong>dei</strong></span> <span class='ocrx_word' id='word_1_90' title='bbox 949 1625 1085 1690; x_wconf 88' lang='lat' dir='ltr'><strong>mandata</strong></span> <span class='ocrx_word' id='word_1_91' title='bbox 1107 1625 1158 1690; x_wconf 85' lang='lat' dir='ltr'><strong>le·</strong></span> 
     </span>
     <span class='ocr_line' id='line_1_12' title="bbox 135 1722 1158 1823; baseline 0.002 -21"><span class='ocrx_word' id='word_1_92' title='bbox 135 1744 250 1802; x_wconf 86' lang='lat' dir='ltr'><strong>cerunt.</strong></span> <span class='ocrx_word' id='word_1_93' title='bbox 294 1738 343 1802; x_wconf 85' lang='lat' dir='ltr'><strong>An</strong></span> <span class='ocrx_word' id='word_1_94' title='bbox 366 1739 520 1820; x_wconf 70' lang='lat' dir='ltr'><strong>qumquam</strong></span> <span class='ocrx_word' id='word_1_95' title='bbox 541 1739 637 1804; x_wconf 91' lang='lat' dir='ltr'><strong>maior</strong></span> <span class='ocrx_word' id='word_1_96' title='bbox 660 1739 718 1804; x_wconf 90' lang='lat' dir='ltr'><strong>deo</strong></span> <span class='ocrx_word' id='word_1_97' title='bbox 741 1746 792 1823; x_wconf 78' lang='lat' dir='ltr'><strong>aut</strong></span> <span class='ocrx_word' id='word_1_98' title='bbox 815 1722 924 1804; x_wconf 82' lang='lat' dir='ltr'><strong>divina</strong></span> <span class='ocrx_word' id='word_1_99' title='bbox 938 1739 1070 1804; x_wconf 86' lang='lat' dir='ltr'><strong>bonitate</strong></span> <span class='ocrx_word' id='word_1_100' title='bbox 1092 1739 1158 1804; x_wconf 86' lang='lat' dir='ltr'><strong>ole-</strong></span> 
     </span>
     <span class='ocr_line' id='line_1_13' title="bbox 136 1847 1158 1936; baseline 0.004 -22"><span class='ocrx_word' id='word_1_101' title='bbox 136 1852 264 1916; x_wconf 86' lang='lat' dir='ltr'><strong>mentior</strong></span> <span class='ocrx_word' id='word_1_102' title='bbox 280 1847 340 1934; x_wconf 82' lang='lat'>¹⁵),</span> <span class='ocrx_word' id='word_1_103' title='bbox 371 1854 422 1935; x_wconf 90' lang='lat' dir='ltr'><strong>qni</strong></span> <span class='ocrx_word' id='word_1_104' title='bbox 445 1859 495 1918; x_wconf 88' lang='lat' dir='ltr'><strong>aut</strong></span> <span class='ocrx_word' id='word_1_105' title='bbox 516 1852 659 1918; x_wconf 86' lang='lat' dir='ltr'><strong>intectum</strong></span> <span class='ocrx_word' id='word_1_106' title='bbox 681 1853 756 1918; x_wconf 86' lang='lat' dir='ltr'><strong>velit</strong></span> <span class='ocrx_word' id='word_1_107' title='bbox 777 1853 859 1934; x_wconf 83' lang='lat' dir='ltr'><strong>quod</strong></span> <span class='ocrx_word' id='word_1_108' title='bbox 881 1871 989 1936; x_wconf 87' lang='lat' dir='ltr'><strong>passus</strong></span> <span class='ocrx_word' id='word_1_109' title='bbox 1014 1859 1060 1918; x_wconf 85' lang='lat' dir='ltr'><strong>est</strong></span> <span class='ocrx_word' id='word_1_110' title='bbox 1082 1852 1158 1918; x_wconf 87' lang='lat' dir='ltr'><strong>deus</strong></span> 
     </span>
     <span class='ocr_line' id='line_1_14' title="bbox 136 1949 1158 2050; baseline 0.005 -24"><span class='ocrx_word' id='word_1_111' title='bbox 136 1963 217 2044; x_wconf 87' lang='lat' dir='ltr'><strong>fieri,</strong></span> <span class='ocrx_word' id='word_1_112' title='bbox 247 1973 297 2030; x_wconf 88' lang='lat' dir='ltr'><strong>aul</strong></span> <span class='ocrx_word' id='word_1_113' title='bbox 326 1969 410 2049; x_wconf 87' lang='lat' dir='ltr'><strong>quasi</strong></span> <span class='ocrx_word' id='word_1_114' title='bbox 440 1967 482 2032; x_wconf 93' lang='lat' dir='ltr'><strong>illi</strong></span> <span class='ocrx_word' id='word_1_115' title='bbox 505 1949 601 2032; x_wconf 83' lang='lat' dir='ltr'><strong>minus</strong></span> <span class='ocrx_word' id='word_1_116' title='bbox 624 1967 779 2050; x_wconf 85' lang='lat' dir='ltr'><strong>potestatis</strong></span> <span class='ocrx_word' id='word_1_117' title='bbox 803 1969 839 2031; x_wconf 85' lang='lat' dir='ltr'><strong>ad</strong></span> <span class='ocrx_word' id='word_1_118' title='bbox 863 1967 1080 2050; x_wconf 80' lang='lat' dir='ltr'><strong>protegendam</strong></span> <span class='ocrx_word' id='word_1_119' title='bbox 1103 1985 1158 2031; x_wconf 90' lang='lat' dir='ltr'><strong>eo-</strong></span> 
     </span>
     <span class='ocr_line' id='line_1_15' title="bbox 137 2077 1158 2164; baseline 0.002 -24"><span class='ocrx_word' id='word_1_120' title='bbox 137 2077 259 2142; x_wconf 91' lang='lat' dir='ltr'><strong>clesiam</strong></span> <span class='ocrx_word' id='word_1_121' title='bbox 281 2097 365 2145; x_wconf 90' lang='lat' dir='ltr'><strong>suam</strong></span> <span class='ocrx_word' id='word_1_122' title='bbox 389 2081 487 2162; x_wconf 87' lang='lat' dir='ltr'><strong>tuerit,</strong></span> <span class='ocrx_word' id='word_1_123' title='bbox 511 2083 622 2146; x_wconf 84' lang='lat' dir='ltr'><strong>auxilio</strong></span> <span class='ocrx_word' id='word_1_124' title='bbox 645 2099 702 2145; x_wconf 89' lang='lat' dir='ltr'><strong>nos</strong></span> <span class='ocrx_word' id='word_1_125' title='bbox 725 2097 782 2146; x_wconf 92' lang='lat' dir='ltr'><strong>suo</strong></span> <span class='ocrx_word' id='word_1_126' title='bbox 805 2087 889 2164; x_wconf 90' lang='lat' dir='ltr'><strong>putet</strong></span> <span class='ocrx_word' id='word_1_127' title='bbox 910 2097 1003 2164; x_wconf 89' lang='lat' dir='ltr'><strong>posse</strong></span> <span class='ocrx_word' id='word_1_128' title='bbox 1018 2079 1158 2145; x_wconf 85' lang='lat' dir='ltr'><strong>servari?</strong></span> 
     </span>
     <span class='ocr_line' id='line_1_16' title="bbox 102 2189 1160 2287; baseline 0.002 -32"><span class='ocrx_word' id='word_1_129' title='bbox 102 2211 126 2255; x_wconf 82' lang='lat' dir='ltr'><strong>ao</strong></span> <span class='ocrx_word' id='word_1_130' title='bbox 139 2193 204 2257; x_wconf 90' lang='lat' dir='ltr'><strong>Nisi</strong></span> <span class='ocrx_word' id='word_1_131' title='bbox 226 2195 252 2287; x_wconf 89' lang='lat' dir='ltr'><strong>si</strong></span> <span class='ocrx_word' id='word_1_132' title='bbox 267 2189 305 2272; x_wconf 78' lang='grc'><strong>16)</strong></span> <span class='ocrx_word' id='word_1_133' title='bbox 328 2195 403 2258; x_wconf 91' lang='lat' dir='ltr'><strong>haec</strong></span> <span class='ocrx_word' id='word_1_134' title='bbox 425 2196 531 2280; x_wconf 76' lang='lat' dir='ltr'><strong>ignaro</strong></span> <span class='ocrx_word' id='word_1_135' title='bbox 556 2198 614 2260; x_wconf 90' lang='lat' dir='ltr'><strong>deo</strong></span> <span class='ocrx_word' id='word_1_136' title='bbox 638 2203 723 2278; x_wconf 79' lang='lat' dir='ltr'><strong>gesta</strong></span> <span class='ocrx_word' id='word_1_137' title='bbox 746 2201 815 2260; x_wconf 86' lang='lat' dir='ltr'><strong>sunt</strong></span> <span class='ocrx_word' id='word_1_138' title='bbox 830 2201 880 2259; x_wconf 90' lang='lat' dir='ltr'><strong>aot</strong></span> <span class='ocrx_word' id='word_1_139' title='bbox 895 2207 956 2259; x_wconf 89' lang='lat' dir='ltr'><strong>non</strong></span> <span class='ocrx_word' id='word_1_140' title='bbox 971 2195 1160 2278; x_wconf 88' lang='lat' dir='ltr'><strong>permittente</strong></span> 
     </span>
     <span class='ocr_line' id='line_1_17' title="bbox 139 2307 1160 2391; baseline 0.004 -22"><span class='ocrx_word' id='word_1_141' title='bbox 139 2307 191 2371; x_wconf 92' lang='lat' dir='ltr'><strong>illo</strong></span> <span class='ocrx_word' id='word_1_142' title='bbox 215 2309 315 2372; x_wconf 92' lang='lat' dir='ltr'><strong>omnia</strong></span> <span class='ocrx_word' id='word_1_143' title='bbox 336 2310 392 2374; x_wconf 88' lang='lat' dir='ltr'><strong>ista</strong></span> <span class='ocrx_word' id='word_1_144' title='bbox 415 2318 581 2391; x_wconf 85' lang='lat' dir='ltr'><strong>venerunt,</strong></span> <span class='ocrx_word' id='word_1_145' title='bbox 614 2329 680 2374; x_wconf 90' lang='lat' dir='ltr'><strong>curn</strong></span> <span class='ocrx_word' id='word_1_146' title='bbox 707 2309 815 2376; x_wconf 84' lang='lat' dir='ltr'><strong>doceat</strong></span> <span class='ocrx_word' id='word_1_147' title='bbox 835 2310 980 2374; x_wconf 88' lang='lat' dir='ltr'><strong>indociles</strong></span> <span class='ocrx_word' id='word_1_148' title='bbox 1002 2317 1033 2374; x_wconf 88' lang='lat' dir='ltr'><strong>et</strong></span> <span class='ocrx_word' id='word_1_149' title='bbox 1054 2309 1160 2373; x_wconf 84' lang='lat' dir='ltr'><strong>admo-</strong></span> 
     </span>
    </p>
   </div>
   <div class='ocr_carea' id='block_1_4' title="bbox 138 2415 1162 2619">
    <p class='ocr_par' dir='ltr' id='par_1_4' title="bbox 138 2415 1162 2619">
     <span class='ocr_line' id='line_1_18' title="bbox 138 2415 1161 2508; baseline 0 -24"><span class='ocrx_word' id='word_1_150' title='bbox 138 2427 209 2485; x_wconf 85' lang='lat' dir='ltr'><strong>neat</strong></span> <span class='ocrx_word' id='word_1_151' title='bbox 231 2425 410 2488; x_wconf 84' lang='lat' dir='ltr'><strong>inmemores</strong></span> <span class='ocrx_word' id='word_1_152' title='bbox 434 2428 582 2508; x_wconf 85' lang='lat' dir='ltr'><strong>scriptura</strong></span> <span class='ocrx_word' id='word_1_153' title='bbox 606 2426 714 2506; x_wconf 87' lang='lat' dir='ltr'><strong>divina,</strong></span> <span class='ocrx_word' id='word_1_154' title='bbox 738 2443 815 2508; x_wconf 86' lang='lat' dir='ltr'><strong>quae</strong></span> <span class='ocrx_word' id='word_1_155' title='bbox 838 2423 969 2506; x_wconf 89' lang='lat' dir='ltr'><strong>loquitur</strong></span> <span class='ocrx_word' id='word_1_156' title='bbox 985 2422 1088 2487; x_wconf 87' lang='lat' dir='ltr'><strong>dicens</strong></span> <span class='ocrx_word' id='word_1_157' title='bbox 1105 2415 1161 2502; x_wconf 77' lang='grc'><strong>17);</strong></span> 
     </span>
     <span class='ocr_line' id='line_1_19' title="bbox 140 2531 1162 2619; baseline -0.002 -21"><span class='ocrx_word' id='word_1_158' title='bbox 140 2533 219 2613; x_wconf 69' lang='lat' dir='ltr'><strong>ocos</strong></span> <span class='ocrx_word' id='word_1_159' title='bbox 250 2538 338 2600; x_wconf 85' lang='lat' dir='ltr'><strong>dedit</strong></span> <span class='ocrx_word' id='word_1_160' title='bbox 352 2531 390 2616; x_wconf 71' lang='grc'><strong>18)</strong></span> <span class='ocrx_word' id='word_1_161' title='bbox 414 2538 448 2600; x_wconf 85' lang='lat' dir='ltr'><strong>in</strong></span> <span class='ocrx_word' id='word_1_162' title='bbox 477 2539 681 2619; x_wconf 83' lang='lat' dir='ltr'><strong>direptionem</strong></span> <span class='ocrx_word' id='word_1_163' title='bbox 702 2537 798 2601; x_wconf 85' lang='lat' dir='ltr'><strong>Iacob</strong></span> <span class='ocrx_word' id='word_1_164' title='bbox 830 2543 861 2599; x_wconf 88' lang='lat' dir='ltr'><strong>ct</strong></span> <span class='ocrx_word' id='word_1_165' title='bbox 882 2536 985 2600; x_wconf 84' lang='lat' dir='ltr'><strong>lsrael</strong></span> <span class='ocrx_word' id='word_1_166' title='bbox 1012 2537 1075 2612; x_wconf 82' lang='lat' dir='ltr'><strong>cis,</strong></span> <span class='ocrx_word' id='word_1_167' title='bbox 1108 2535 1162 2616; x_wconf 83' lang='lat' dir='ltr'><strong>qul</strong></span> 
     </span>
    </p>
   </div>
   <div class='ocr_carea' id='block_1_5' title="bbox 112 2783 1164 4090">
    <p class='ocr_par' dir='ltr' id='par_1_5' title="bbox 112 2783 1164 4090">
     <span class='ocr_line' id='line_1_20' title="bbox 212 2783 1164 2856; baseline 0.008 -18"><span class='ocrx_word' id='word_1_168' title='bbox 212 2786 257 2855; x_wconf 89' lang='grc'><strong>10)</strong></span> <span class='ocrx_word' id='word_1_169' title='bbox 281 2789 322 2841; x_wconf 82' lang='lat' dir='ltr'><strong>nit</strong></span> <span class='ocrx_word' id='word_1_170' title='bbox 338 2785 384 2840; x_wconf 90' lang='lat' dir='ltr'><strong>Bb.</strong></span> <span class='ocrx_word' id='word_1_171' title='bbox 420 2785 483 2839; x_wconf 85' lang='lat' dir='ltr'><strong>Tum</strong></span> <span class='ocrx_word' id='word_1_172' title='bbox 507 2789 623 2842; x_wconf 78' lang='lat' dir='ltr'><strong>coicitur</strong></span> <span class='ocrx_word' id='word_1_173' title='bbox 646 2801 692 2856; x_wconf 92' lang='lat' dir='ltr'><strong>pro</strong></span> <span class='ocrx_word' id='word_1_174' title='bbox 720 2789 793 2842; x_wconf 76' lang='lat' dir='ltr'><strong>actua·</strong></span> <span class='ocrx_word' id='word_1_175' title='bbox 819 2795 906 2856; x_wconf 77' lang='lat' dir='ltr'><strong>potest</strong></span> <span class='ocrx_word' id='word_1_176' title='bbox 925 2783 974 2842; x_wconf 79' lang='lat' dir='ltr'><strong>lib.</strong></span> <span class='ocrx_word' id='word_1_177' title='bbox 1011 2787 1069 2842; x_wconf 80' lang='lat' dir='ltr'><strong>llox</strong></span> <span class='ocrx_word' id='word_1_178' title='bbox 1092 2790 1164 2846; x_wconf 74' lang='lat' dir='ltr'><strong>eolat</strong></span> 
     </span>
     <span class='ocr_line' id='line_1_21' title="bbox 112 2873 1163 2946; baseline 0 -16"><span class='ocrx_word' id='word_1_179' title='bbox 112 2893 192 2932; x_wconf 28' lang='lat' dir='ltr'><strong>*auu</strong></span> <span class='ocrx_word' id='word_1_180' title='bbox 207 2884 292 2946; x_wconf 78' lang='lat' dir='ltr'><strong>potest</strong></span> <span class='ocrx_word' id='word_1_181' title='bbox 309 2874 341 2926; x_wconf 90' lang='lat' dir='ltr'>W</span> <span class='ocrx_word' id='word_1_182' title='bbox 360 2883 386 2928; x_wconf 86' lang='lat' dir='ltr'><strong>et</strong></span> <span class='ocrx_word' id='word_1_183' title='bbox 403 2873 434 2928; x_wconf 77' lang='grc' dir='ltr'><strong>Α.</strong></span> <span class='ocrx_word' id='word_1_184' title='bbox 470 2873 536 2927; x_wconf 81' lang='lat' dir='ltr'><strong>lntra</strong></span> <span class='ocrx_word' id='word_1_185' title='bbox 555 2886 689 2946; x_wconf 73' lang='lat' dir='ltr'><strong>martyrae</strong></span> <span class='ocrx_word' id='word_1_186' title='bbox 714 2883 778 2930; x_wconf 83' lang='lat' dir='ltr'><strong>eunt</strong></span> <span class='ocrx_word' id='word_1_187' title='bbox 803 2875 845 2926; x_wconf 91' lang='lat' dir='ltr'><strong>ed.</strong></span> <span class='ocrx_word' id='word_1_188' title='bbox 864 2873 986 2929; x_wconf 85' lang='lat' dir='ltr'><strong>[laventr.</strong></span> <span class='ocrx_word' id='word_1_189' title='bbox 1025 2874 1070 2941; x_wconf 93' lang='grc'><strong>11)</strong></span> <span class='ocrx_word' id='word_1_190' title='bbox 1088 2893 1163 2932; x_wconf 83' lang='lat' dir='ltr'><strong>nemo</strong></span> 
     </span>
     <span class='ocr_line' id='line_1_22' title="bbox 138 2961 1162 3034; baseline 0.002 -17"><span class='ocrx_word' id='word_1_191' title='bbox 138 2968 208 3018; x_wconf 81' lang='lat' dir='ltr'><strong>tane</strong></span> <span class='ocrx_word' id='word_1_192' title='bbox 225 2966 339 3033; x_wconf 67' lang='lat' dir='ltr'><strong>plurium</strong></span> <span class='ocrx_word' id='word_1_193' title='bbox 356 2966 474 3030; x_wconf 67' lang='lat' dir='ltr'><strong>assultat,</strong></span> <span class='ocrx_word' id='word_1_194' title='bbox 491 2980 566 3031; x_wconf 79' lang='lat' dir='ltr'><strong>amno</strong></span> <span class='ocrx_word' id='word_1_195' title='bbox 586 2966 694 3031; x_wconf 76' lang='lat' dir='ltr'><strong>trasamcl</strong></span> <span class='ocrx_word' id='word_1_196' title='bbox 713 2961 772 3029; x_wconf 85' lang='lat' dir='ltr'><strong>tto,</strong></span> <span class='ocrx_word' id='word_1_197' title='bbox 791 2981 866 3018; x_wconf 83' lang='lat' dir='ltr'><strong>memo</strong></span> <span class='ocrx_word' id='word_1_198' title='bbox 884 2967 908 3021; x_wconf 76' lang='grc' dir='ltr'><strong>Λ.</strong></span> <span class='ocrx_word' id='word_1_199' title='bbox 927 2968 995 3034; x_wconf 75' lang='lat' dir='ltr'><strong>plor.</strong></span> <span class='ocrx_word' id='word_1_200' title='bbox 1013 2973 1090 3032; x_wconf 84' lang='lat' dir='ltr'><strong>mut,</strong></span> <span class='ocrx_word' id='word_1_201' title='bbox 1110 2981 1162 3019; x_wconf 84' lang='lat' dir='ltr'><strong>oc-</strong></span> 
     </span>
     <span class='ocr_line' id='line_1_23' title="bbox 139 3046 1163 3122; baseline -0.001 -17"><span class='ocrx_word' id='word_1_202' title='bbox 139 3069 188 3122; x_wconf 80' lang='lat' dir='ltr'><strong>puc</strong></span> <span class='ocrx_word' id='word_1_203' title='bbox 208 3054 255 3119; x_wconf 76' lang='lat' dir='ltr'><strong>inf.</strong></span> <span class='ocrx_word' id='word_1_204' title='bbox 274 3059 325 3102; x_wconf 87' lang='lat' dir='ltr'><strong>tres</strong></span> <span class='ocrx_word' id='word_1_205' title='bbox 343 3049 400 3102; x_wconf 88' lang='lat' dir='ltr'><strong>libri</strong></span> <span class='ocrx_word' id='word_1_206' title='bbox 416 3059 478 3103; x_wconf 86' lang='lat' dir='ltr'><strong>vett.</strong></span> <span class='ocrx_word' id='word_1_207' title='bbox 497 3046 537 3118; x_wconf 80' lang='lat' dir='ltr'><strong>ap.</strong></span> <span class='ocrx_word' id='word_1_208' title='bbox 556 3048 643 3104; x_wconf 84' lang='lat' dir='ltr'><strong>Baloa.</strong></span> <span class='ocrx_word' id='word_1_209' title='bbox 682 3050 779 3103; x_wconf 82' lang='lat' dir='ltr'><strong>Adsuta</strong></span> <span class='ocrx_word' id='word_1_210' title='bbox 798 3058 855 3103; x_wconf 86' lang='lat' dir='ltr'><strong>sunt</strong></span> <span class='ocrx_word' id='word_1_211' title='bbox 879 3051 960 3103; x_wconf 84' lang='lat' dir='ltr'><strong>verba</strong></span> <span class='ocrx_word' id='word_1_212' title='bbox 983 3052 1031 3102; x_wconf 86' lang='lat' dir='ltr'><strong>ista</strong></span> <span class='ocrx_word' id='word_1_213' title='bbox 1056 3050 1088 3102; x_wconf 82' lang='lat' dir='ltr'><strong>ab</strong></span> <span class='ocrx_word' id='word_1_214' title='bbox 1113 3051 1163 3104; x_wconf 86' lang='lat' dir='ltr'><strong>ho-</strong></span> 
     </span>
     <span class='ocr_line' id='line_1_24' title="bbox 138 3135 1162 3212; baseline 0.004 -22"><span class='ocrx_word' id='word_1_215' title='bbox 138 3140 208 3190; x_wconf 90' lang='lat' dir='ltr'><strong>mine</strong></span> <span class='ocrx_word' id='word_1_216' title='bbox 227 3137 306 3190; x_wconf 86' lang='lat' dir='ltr'><strong>sciolo</strong></span> <span class='ocrx_word' id='word_1_217' title='bbox 325 3153 357 3190; x_wconf 82' lang='lat' dir='ltr'><strong>ex</strong></span> <span class='ocrx_word' id='word_1_218' title='bbox 371 3135 431 3205; x_wconf 83' lang='lat' dir='ltr'><strong>Cap.</strong></span> <span class='ocrx_word' id='word_1_219' title='bbox 445 3137 474 3190; x_wconf 94' lang='lat' dir='ltr'><strong>ll.</strong></span> <span class='ocrx_word' id='word_1_220' title='bbox 489 3154 514 3205; x_wconf 88' lang='lat' dir='ltr'><strong>p.</strong></span> <span class='ocrx_word' id='word_1_221' title='bbox 528 3137 570 3203; x_wconf 88' lang='grc'><strong>60,</strong></span> <span class='ocrx_word' id='word_1_222' title='bbox 584 3137 662 3192; x_wconf 81' lang='grc'>3-1.</span> <span class='ocrx_word' id='word_1_223' title='bbox 699 3139 744 3206; x_wconf 90' lang='grc'><strong>12)</strong></span> <span class='ocrx_word' id='word_1_224' title='bbox 763 3148 787 3194; x_wconf 83' lang='lat' dir='ltr'><strong>ct</strong></span> <span class='ocrx_word' id='word_1_225' title='bbox 805 3149 928 3212; x_wconf 60' lang='lat' dir='ltr'><strong>corrupta</strong></span> <span class='ocrx_word' id='word_1_226' title='bbox 940 3138 990 3190; x_wconf 84' lang='lat' dir='ltr'><strong>Md.</strong></span> <span class='ocrx_word' id='word_1_227' title='bbox 1023 3138 1085 3192; x_wconf 88' lang='lat' dir='ltr'><strong>Post</strong></span> <span class='ocrx_word' id='word_1_228' title='bbox 1102 3141 1162 3208; x_wconf 69' lang='lat' dir='ltr'><strong>fidel</strong></span> 
     </span>
     <span class='ocr_line' id='line_1_25' title="bbox 138 3215 1163 3297; baseline -0.001 -18"><span class='ocrx_word' id='word_1_229' title='bbox 138 3225 178 3280; x_wconf 84' lang='lat' dir='ltr'><strong>Bb</strong></span> <span class='ocrx_word' id='word_1_230' title='bbox 202 3215 273 3278; x_wconf 84' lang='lat' dir='ltr'><strong>aodii</strong></span> <span class='ocrx_word' id='word_1_231' title='bbox 294 3231 426 3297; x_wconf 70' lang='lat' dir='ltr'><strong>[imitate.</strong></span> <span class='ocrx_word' id='word_1_232' title='bbox 462 3225 523 3280; x_wconf 87' lang='lat' dir='ltr'><strong>Voc.</strong></span> <span class='ocrx_word' id='word_1_233' title='bbox 548 3230 630 3282; x_wconf 76' lang='lat' dir='ltr'><strong>robur</strong></span> <span class='ocrx_word' id='word_1_234' title='bbox 656 3243 672 3279; x_wconf 80' lang='lat' dir='ltr'><strong>o</strong></span> <span class='ocrx_word' id='word_1_235' title='bbox 699 3231 783 3282; x_wconf 76' lang='lat' dir='ltr'><strong>rubor</strong></span> <span class='ocrx_word' id='word_1_236' title='bbox 808 3227 953 3279; x_wconf 81' lang='lat' dir='ltr'><strong>emendavit</strong></span> <span class='ocrx_word' id='word_1_237' title='bbox 976 3241 997 3278; x_wconf 86' lang='lat' dir='ltr'><strong>r.</strong></span> <span class='ocrx_word' id='word_1_238' title='bbox 1016 3242 1049 3278; x_wconf 89' lang='lat' dir='ltr'><strong>m.</strong></span> <span class='ocrx_word' id='word_1_239' title='bbox 1067 3226 1093 3276; x_wconf 87' lang='lat' dir='ltr'><strong>in</strong></span> <span class='ocrx_word' id='word_1_240' title='bbox 1112 3226 1163 3284; x_wconf 84' lang='lat' dir='ltr'><strong>Md.</strong></span> 
     </span>
     <span class='ocr_line' id='line_1_26' title="bbox 139 3311 1163 3384; baseline 0 -18"><span class='ocrx_word' id='word_1_241' title='bbox 139 3313 271 3382; x_wconf 84' lang='lat' dir='ltr'><strong>Deinceps</strong></span> <span class='ocrx_word' id='word_1_242' title='bbox 288 3317 417 3368; x_wconf 79' lang='lat' dir='ltr'><strong>incolome</strong></span> <span class='ocrx_word' id='word_1_243' title='bbox 440 3313 527 3366; x_wconf 87' lang='lat' dir='ltr'><strong>scribit</strong></span> <span class='ocrx_word' id='word_1_244' title='bbox 546 3313 585 3366; x_wconf 84' lang='lat' dir='ltr'><strong>Ma</strong></span> <span class='ocrx_word' id='word_1_245' title='bbox 604 3323 630 3367; x_wconf 85' lang='lat' dir='ltr'><strong>et</strong></span> <span class='ocrx_word' id='word_1_246' title='bbox 653 3331 685 3370; x_wconf 81' lang='lat' dir='ltr'><strong>na</strong></span> <span class='ocrx_word' id='word_1_247' title='bbox 709 3330 757 3384; x_wconf 90' lang='lat' dir='ltr'><strong>pro</strong></span> <span class='ocrx_word' id='word_1_248' title='bbox 784 3331 833 3369; x_wconf 81' lang='lat' dir='ltr'><strong>nco</strong></span> <span class='ocrx_word' id='word_1_249' title='bbox 851 3313 900 3366; x_wconf 85' lang='lat' dir='ltr'><strong>tto.</strong></span> <span class='ocrx_word' id='word_1_250' title='bbox 944 3311 990 3382; x_wconf 87' lang='grc'><strong>13)</strong></span> <span class='ocrx_word' id='word_1_251' title='bbox 1016 3323 1040 3367; x_wconf 87' lang='lat' dir='ltr'><strong>et</strong></span> <span class='ocrx_word' id='word_1_252' title='bbox 1064 3323 1093 3368; x_wconf 85' lang='lat' dir='ltr'><strong>ut</strong></span> <span class='ocrx_word' id='word_1_253' title='bbox 1111 3313 1163 3379; x_wconf 83' lang='lat' dir='ltr'><strong>Mb,</strong></span> 
     </span>
     <span class='ocr_line' id='line_1_27' title="bbox 138 3400 1164 3472; baseline -0.004 -14"><span class='ocrx_word' id='word_1_254' title='bbox 138 3413 169 3458; x_wconf 82' lang='lat' dir='ltr'><strong>ut</strong></span> <span class='ocrx_word' id='word_1_255' title='bbox 187 3410 273 3456; x_wconf 84' lang='lat' dir='ltr'><strong>autem</strong></span> <span class='ocrx_word' id='word_1_256' title='bbox 291 3400 336 3455; x_wconf 86' lang='lat' dir='ltr'><strong>Ba.</strong></span> <span class='ocrx_word' id='word_1_257' title='bbox 372 3400 430 3472; x_wconf 85' lang='lat' dir='ltr'><strong>Seq.</strong></span> <span class='ocrx_word' id='word_1_258' title='bbox 449 3407 481 3457; x_wconf 79' lang='lat' dir='ltr'><strong>ot</strong></span> <span class='ocrx_word' id='word_1_259' title='bbox 498 3402 559 3456; x_wconf 71' lang='lat' dir='ltr'><strong>ind</strong></span> <span class='ocrx_word' id='word_1_260' title='bbox 576 3412 721 3471; x_wconf 81' lang='lat' dir='ltr'><strong>corruptum</strong></span> <span class='ocrx_word' id='word_1_261' title='bbox 740 3411 779 3455; x_wconf 85' lang='lat' dir='ltr'><strong>eat</strong></span> <span class='ocrx_word' id='word_1_262' title='bbox 796 3403 821 3453; x_wconf 94' lang='lat' dir='ltr'><strong>in</strong></span> <span class='ocrx_word' id='word_1_263' title='bbox 840 3405 883 3456; x_wconf 85' lang='lat' dir='ltr'><strong>cd.</strong></span> <span class='ocrx_word' id='word_1_264' title='bbox 922 3401 968 3468; x_wconf 85' lang='grc'><strong>11)</strong></span> <span class='ocrx_word' id='word_1_265' title='bbox 986 3404 1078 3470; x_wconf 75' lang='lat' dir='ltr'><strong>ipsius</strong></span> <span class='ocrx_word' id='word_1_266' title='bbox 1098 3403 1164 3469; x_wconf 77' lang='lat' dir='ltr'><strong>(ipsi</strong></span> 
     </span>
     <span class='ocr_line' id='line_1_28' title="bbox 139 3483 1164 3561; baseline 0 -19"><span class='ocrx_word' id='word_1_267' title='bbox 139 3492 192 3561; x_wconf 86' lang='lat' dir='ltr'><strong>pr.)</strong></span> <span class='ocrx_word' id='word_1_268' title='bbox 209 3489 260 3542; x_wconf 85' lang='lat' dir='ltr'><strong>oth.</strong></span> <span class='ocrx_word' id='word_1_269' title='bbox 297 3489 359 3542; x_wconf 86' lang='lat' dir='ltr'><strong>Tum</strong></span> <span class='ocrx_word' id='word_1_270' title='bbox 376 3493 500 3544; x_wconf 81' lang='lat' dir='ltr'><strong>amandata</strong></span> <span class='ocrx_word' id='word_1_271' title='bbox 518 3494 560 3545; x_wconf 77' lang='lat' dir='ltr'><strong>dei</strong></span> <span class='ocrx_word' id='word_1_272' title='bbox 577 3490 625 3544; x_wconf 84' lang='lat' dir='ltr'><strong>tto.</strong></span> <span class='ocrx_word' id='word_1_273' title='bbox 673 3490 718 3559; x_wconf 90' lang='grc'><strong>15)</strong></span> <span class='ocrx_word' id='word_1_274' title='bbox 736 3483 875 3544; x_wconf 79' lang='lat' dir='ltr'><strong>clementer</strong></span> <span class='ocrx_word' id='word_1_275' title='bbox 892 3504 929 3556; x_wconf 90' lang='lat' dir='ltr'><strong>pr.</strong></span> <span class='ocrx_word' id='word_1_276' title='bbox 948 3486 999 3541; x_wconf 84' lang='lat' dir='ltr'><strong>llb.</strong></span> <span class='ocrx_word' id='word_1_277' title='bbox 1035 3488 1094 3542; x_wconf 82' lang='lat' dir='ltr'><strong>Mox</strong></span> <span class='ocrx_word' id='word_1_278' title='bbox 1110 3503 1164 3544; x_wconf 86' lang='lat' dir='ltr'><strong>ooo</strong></span> 
     </span>
     <span class='ocr_line' id='line_1_29' title="bbox 138 3575 1163 3650; baseline -0.001 -18"><span class='ocrx_word' id='word_1_279' title='bbox 138 3585 242 3650; x_wconf 76' lang='lat' dir='ltr'><strong>factum</strong></span> <span class='ocrx_word' id='word_1_280' title='bbox 259 3577 317 3631; x_wconf 85' lang='lat' dir='ltr'><strong>Ver.</strong></span> <span class='ocrx_word' id='word_1_281' title='bbox 337 3587 362 3631; x_wconf 88' lang='lat' dir='ltr'><strong>et</strong></span> <span class='ocrx_word' id='word_1_282' title='bbox 381 3578 432 3645; x_wconf 83' lang='lat' dir='ltr'><strong>Mb,</strong></span> <span class='ocrx_word' id='word_1_283' title='bbox 450 3583 576 3634; x_wconf 72' lang='lat' dir='ltr'><strong>dialectum</strong></span> <span class='ocrx_word' id='word_1_284' title='bbox 593 3577 638 3632; x_wconf 87' lang='lat' dir='ltr'><strong>Bu.</strong></span> <span class='ocrx_word' id='word_1_285' title='bbox 675 3578 745 3630; x_wconf 82' lang='lat' dir='ltr'><strong>Idem</strong></span> <span class='ocrx_word' id='word_1_286' title='bbox 763 3581 839 3634; x_wconf 83' lang='lat' dir='ltr'><strong>cellit</strong></span> <span class='ocrx_word' id='word_1_287' title='bbox 857 3585 883 3629; x_wconf 90' lang='lat' dir='ltr'><strong>et</strong></span> <span class='ocrx_word' id='word_1_288' title='bbox 901 3578 926 3628; x_wconf 88' lang='lat' dir='ltr'><strong>in</strong></span> <span class='ocrx_word' id='word_1_289' title='bbox 944 3575 1058 3630; x_wconf 79' lang='lat' dir='ltr'><strong>clausula</strong></span> <span class='ocrx_word' id='word_1_290' title='bbox 1082 3593 1163 3645; x_wconf 74' lang='lat' dir='ltr'><strong>pocus</strong></span> 
     </span>
     <span class='ocr_line' id='line_1_30' title="bbox 139 3663 1162 3739; baseline -0.004 -19"><span class='ocrx_word' id='word_1_291' title='bbox 139 3669 251 3720; x_wconf 77' lang='lat' dir='ltr'><strong>solenni.</strong></span> <span class='ocrx_word' id='word_1_292' title='bbox 288 3665 335 3735; x_wconf 90' lang='grc'><strong>16)</strong></span> <span class='ocrx_word' id='word_1_293' title='bbox 353 3671 381 3722; x_wconf 83' lang='lat' dir='ltr'><strong>aa‘</strong></span> <span class='ocrx_word' id='word_1_294' title='bbox 399 3681 448 3718; x_wconf 91' lang='lat' dir='ltr'><strong>orn.</strong></span> <span class='ocrx_word' id='word_1_295' title='bbox 466 3666 515 3719; x_wconf 84' lang='lat' dir='ltr'><strong>Ma.</strong></span> <span class='ocrx_word' id='word_1_296' title='bbox 533 3667 579 3721; x_wconf 87' lang='lat' dir='ltr'><strong>Bb.</strong></span> <span class='ocrx_word' id='word_1_297' title='bbox 599 3666 629 3720; x_wconf 76' lang='grc' dir='ltr'><strong>Α.</strong></span> <span class='ocrx_word' id='word_1_298' title='bbox 649 3666 739 3720; x_wconf 77' lang='lat' dir='ltr'><strong>nano.</strong></span> <span class='ocrx_word' id='word_1_299' title='bbox 758 3665 856 3718; x_wconf 80' lang='lat' dir='ltr'><strong>Erasm.</strong></span> <span class='ocrx_word' id='word_1_300' title='bbox 875 3663 949 3718; x_wconf 76' lang='lat' dir='ltr'><strong>orav.</strong></span> <span class='ocrx_word' id='word_1_301' title='bbox 963 3664 1056 3718; x_wconf 80' lang='lat' dir='ltr'><strong>Manat.</strong></span> <span class='ocrx_word' id='word_1_302' title='bbox 1070 3663 1162 3739; x_wconf 83' lang='lat' dir='ltr'><strong>Oxum,</strong></span> 
     </span>
     <span class='ocr_line' id='line_1_31' title="bbox 140 3749 1160 3824; baseline -0.003 -19"><span class='ocrx_word' id='word_1_303' title='bbox 140 3752 199 3806; x_wconf 86' lang='lat' dir='ltr'><strong>add.</strong></span> <span class='ocrx_word' id='word_1_304' title='bbox 224 3751 343 3807; x_wconf 85' lang='lat' dir='ltr'><strong>Latinius.</strong></span> <span class='ocrx_word' id='word_1_305' title='bbox 387 3752 449 3806; x_wconf 87' lang='lat' dir='ltr'><strong>Tum</strong></span> <span class='ocrx_word' id='word_1_306' title='bbox 475 3759 613 3824; x_wconf 77' lang='lat' dir='ltr'><strong>ipoorlmto</strong></span> <span class='ocrx_word' id='word_1_307' title='bbox 637 3759 682 3810; x_wconf 81' lang='lat' dir='ltr'><strong>deo</strong></span> <span class='ocrx_word' id='word_1_308' title='bbox 707 3754 754 3806; x_wconf 82' lang='lat' dir='ltr'><strong>Mc.</strong></span> <span class='ocrx_word' id='word_1_309' title='bbox 799 3752 884 3806; x_wconf 82' lang='lat' dir='ltr'><strong>Mutilo</strong></span> <span class='ocrx_word' id='word_1_310' title='bbox 910 3755 1030 3823; x_wconf 79' lang='lat' dir='ltr'><strong>permitto</strong></span> <span class='ocrx_word' id='word_1_311' title='bbox 1055 3766 1093 3819; x_wconf 87' lang='lat' dir='ltr'><strong>pr.</strong></span> <span class='ocrx_word' id='word_1_312' title='bbox 1112 3749 1160 3803; x_wconf 81' lang='lat' dir='ltr'><strong>Mb.</strong></span> 
     </span>
     <span class='ocr_line' id='line_1_32' title="bbox 140 3836 1163 3908; baseline -0.002 -16"><span class='ocrx_word' id='word_1_313' title='bbox 140 3840 200 3895; x_wconf 83' lang='lat' dir='ltr'><strong>lllox</strong></span> <span class='ocrx_word' id='word_1_314' title='bbox 223 3857 283 3896; x_wconf 85' lang='lat' dir='ltr'><strong>cum</strong></span> <span class='ocrx_word' id='word_1_315' title='bbox 309 3857 358 3894; x_wconf 89' lang='lat' dir='ltr'><strong>om.</strong></span> <span class='ocrx_word' id='word_1_316' title='bbox 377 3841 417 3894; x_wconf 90' lang='lat' dir='ltr'><strong>W.</strong></span> <span class='ocrx_word' id='word_1_317' title='bbox 436 3841 502 3894; x_wconf 82' lang='lat' dir='ltr'><strong>otab.</strong></span> <span class='ocrx_word' id='word_1_318' title='bbox 521 3841 584 3894; x_wconf 84' lang='lat' dir='ltr'><strong>Bab.</strong></span> <span class='ocrx_word' id='word_1_319' title='bbox 602 3843 650 3908; x_wconf 85' lang='grc' dir='ltr'><strong>Α.,</strong></span> <span class='ocrx_word' id='word_1_320' title='bbox 674 3842 752 3894; x_wconf 87' lang='lat' dir='ltr'><strong>habet</strong></span> <span class='ocrx_word' id='word_1_321' title='bbox 775 3857 790 3894; x_wconf 79' lang='lat' dir='ltr'><strong>a</strong></span> <span class='ocrx_word' id='word_1_322' title='bbox 813 3857 834 3894; x_wconf 91' lang='lat' dir='ltr'><strong>r.</strong></span> <span class='ocrx_word' id='word_1_323' title='bbox 852 3857 886 3892; x_wconf 86' lang='lat' dir='ltr'><strong>m.</strong></span> <span class='ocrx_word' id='word_1_324' title='bbox 905 3841 949 3894; x_wconf 81' lang='lat' dir='ltr'><strong>int.</strong></span> <span class='ocrx_word' id='word_1_325' title='bbox 967 3855 992 3892; x_wconf 85' lang='lat' dir='ltr'><strong>v.</strong></span> <span class='ocrx_word' id='word_1_326' title='bbox 1013 3836 1061 3890; x_wconf 79' lang='lat' dir='ltr'><strong>tte.</strong></span> <span class='ocrx_word' id='word_1_327' title='bbox 1098 3836 1163 3890; x_wconf 83' lang='lat' dir='ltr'><strong>Deio</strong></span> 
     </span>
     <span class='ocr_line' id='line_1_33' title="bbox 140 3923 1162 3998; baseline -0.009 -14"><span class='ocrx_word' id='word_1_328' title='bbox 140 3939 287 3984; x_wconf 80' lang='lat' dir='ltr'><strong>ammoneat</strong></span> <span class='ocrx_word' id='word_1_329' title='bbox 303 3928 351 3984; x_wconf 88' lang='lat' dir='ltr'><strong>Bb.</strong></span> <span class='ocrx_word' id='word_1_330' title='bbox 390 3929 434 3998; x_wconf 79' lang='grc'><strong>17)</strong></span> <span class='ocrx_word' id='word_1_331' title='bbox 452 3930 536 3984; x_wconf 81' lang='lat' dir='ltr'><strong>Haaai.</strong></span> <span class='ocrx_word' id='word_1_332' title='bbox 556 3931 608 3996; x_wconf 77' lang='lat'><strong>42,</strong></span> <span class='ocrx_word' id='word_1_333' title='bbox 635 3930 747 3982; x_wconf 80' lang='lat'>24-25.</span> <span class='ocrx_word' id='word_1_334' title='bbox 791 3928 837 3998; x_wconf 88' lang='grc'><strong>18)</strong></span> <span class='ocrx_word' id='word_1_335' title='bbox 857 3931 925 3984; x_wconf 77' lang='lat' dir='ltr'><strong>latta</strong></span> <span class='ocrx_word' id='word_1_336' title='bbox 942 3936 966 3981; x_wconf 81' lang='lat' dir='ltr'><strong>ct</strong></span> <span class='ocrx_word' id='word_1_337' title='bbox 985 3925 1035 3976; x_wconf 84' lang='lat' dir='ltr'><strong>Md.</strong></span> <span class='ocrx_word' id='word_1_338' title='bbox 1073 3923 1162 3976; x_wconf 85' lang='lat' dir='ltr'><strong>Statim</strong></span> 
     </span>
     <span class='ocr_line' id='line_1_34' title="bbox 140 4012 1161 4090; baseline -0.003 -21"><span class='ocrx_word' id='word_1_339' title='bbox 140 4020 170 4072; x_wconf 81' lang='lat' dir='ltr'><strong>iu</strong></span> <span class='ocrx_word' id='word_1_340' title='bbox 187 4018 333 4090; x_wconf 74' lang='lat' dir='ltr'><strong>direptione</strong></span> <span class='ocrx_word' id='word_1_341' title='bbox 347 4019 379 4076; x_wconf 93' lang='lat' dir='ltr'>W</span> <span class='ocrx_word' id='word_1_342' title='bbox 398 4027 424 4076; x_wconf 80' lang='lat' dir='ltr'><strong>ot</strong></span> <span class='ocrx_word' id='word_1_343' title='bbox 443 4019 489 4088; x_wconf 77' lang='lat' dir='ltr'><strong>ua,</strong></span> <span class='ocrx_word' id='word_1_344' title='bbox 506 4023 536 4074; x_wconf 78' lang='lat' dir='ltr'><strong>in</strong></span> <span class='ocrx_word' id='word_1_345' title='bbox 553 4021 755 4090; x_wconf 79' lang='lat' dir='ltr'><strong>direptntiomem</strong></span> <span class='ocrx_word' id='word_1_346' title='bbox 772 4017 813 4075; x_wconf 78' lang='lat' dir='ltr'><strong>cd.</strong></span> <span class='ocrx_word' id='word_1_347' title='bbox 827 4016 949 4069; x_wconf 85' lang='lat' dir='ltr'><strong>Davantr.</strong></span> <span class='ocrx_word' id='word_1_348' title='bbox 980 4012 1042 4065; x_wconf 87' lang='lat' dir='ltr'><strong>Tum</strong></span> <span class='ocrx_word' id='word_1_349' title='bbox 1059 4014 1161 4066; x_wconf 74' lang='lat' dir='ltr'><strong>terami</strong></span> 
     </span>
    </p>
   </div>
   <div class='ocr_carea' id='block_1_6' title="bbox 0 0 1449 4806">
    <p class='ocr_par' dir='ltr' id='par_1_6' title="bbox 0 0 1449 4806">
     <span class='ocr_line' id='line_1_35' title="bbox 0 0 1449 4806; baseline 0 0"><span class='ocrx_word' id='word_1_350' title='bbox 0 0 1449 4806; x_wconf 95' lang='lat' dir='ltr'><strong> </strong></span> 
     </span>
    </p>
   </div>
  </div>
 </body>
</html>
