2872 4806
789 421 857 498 Ι24

323 615 416 678 super
438 607 505 658 eum
527 591 624 654 ⁸motu
670 591 741 654 Non
770 593 889 656 loeutus
909 613 976 656 sum
1010 591 1054 656 ud
1080 587 1199 673 eosw),
1231 600 1262 655 et
1281 593 1342 674 ipsi

319 694 585 791 prophetaverunt.
616 707 651 769 Si
672 709 826 770 stetissent
846 710 879 770 in
894 708 1066 771 substantio
1086 726 1155 770 meo
1180 714 1210 769 et
1231 707 1340 771 undis-

324 830 393 885 sent
412 820 507 884 uerbo
528 817 645 898 meon)
670 823 744 883 etsi
766 805 942 885 docuissem
958 799 1104 903 populans
1126 823 1239 898 meum,
1263 842 1341 884 cou-

324 938 481 1000 antissent
489 931 530 1012 ²¹²)
547 954 599 998 eos
614 954 634 998 o
649 937 739 998 mulis
754 935 989 1016 capitationibus
1005 955 1117 998 eorum.
1140 935 1203 998 llos
1220 935 1342 998 eosdem

297 1050 426 1112 sdenuo
450 1048 588 1112 dominus
611 1047 749 1130 designat
772 1055 801 1110 et
826 1048 946 1112 denotat
968 1046 1156 1133 dicens²³]:'
1179 1050 1228 1111 Me
1249 1050 1342 1113 dere-

324 1164 481 1243 liquerunt
498 1162 614 1243 sontem
637 1180 736 1241 oquae
758 1158 889 1238 uitoe²⁴l
913 1171 942 1223 et
971 1161 1141 1244 effoderunt
1168 1162 1229 1226 sibi
1258 1164 1345 1226 lucus

324 1277 469 1353 detritos,
493 1276 545 1358 qni
567 1293 628 1336 non
648 1283 779 1353 possunt
795 1249 912 1354 xequum
930 1284 1069 1355 portare.
1116 1275 1242 1350 Quando
1266 1278 1347 1341 aliud

324 1392 466 1474 baptisma
498 1395 620 1472 praeter
650 1407 740 1451 unurn
774 1405 843 1450 essa
883 1407 945 1451 non
984 1391 1095 1470 possit,
1125 1391 1278 1472 baptizare
1309 1411 1345 1455 sa

324 1501 465 1588 posse²⁵)
494 1505 661 1586 opinantur.
705 1503 805 1594 Vitae¹
822 1501 903 1565 tonte
933 1501 1053 1566 deserto
1086 1503 1183 1564 vitulis
1207 1509 1237 1566 et
1259 1505 1347 1568 salu-

286 1618 396 1680 roturis
423 1635 519 1697 aquae
552 1615 676 1697 gratiam
711 1613 898 1694 pollicentur.
943 1615 1011 1678 Nou
1042 1615 1200 1678 abluuntur
1233 1614 1347 1703 ittic²⁶)

323 1731 477 1808 homines,
500 1727 554 1792 sed
570 1728 670 1810 potius
686 1726 893 1808 sordidantur,
917 1747 974 1790 neo
989 1735 1155 1812 purgantur
1173 1730 1280 1794 delicta
1290 1727 1346 1812 ²⁷),

323 1844 378 1908 sed
408 1845 496 1906 immo
535 1842 727 1904 cumulantur.
773 1841 839 1904 Nou
870 1837 979 1920 de0²⁸l
1018 1843 1155 1906 nativitas
1185 1845 1250 1924 illa,
1290 1847 1346 1910 sed

325 1957 443 2021 diabolo
465 1955 542 2019 tilios
564 1958 698 2036 generat.
725 1952 794 2014 'Per
817 1953 1001 2016 mendacium
1027 1955 1087 2016 nali
1111 1956 1245 2018 veritalis
1268 1975 1346 2038 pro-

324 2070 414 2132 rnissa
436 2085 497 2130 non
521 2065 658 2146 sapiunt,
682 2061 720 2124 de
742 2063 865 2144 perfidia
890 2065 1041 2146 procreati
1063 2065 1133 2128 iidei
1162 2067 1345 2156 gratiamw)

286 2182 467 2266 reperiunt,
496 2179 534 2242 ad
556 2179 638 2260 pacis
668 2178 830 2258 praemium
873 2173 877 2259 Ι
918 2180 1023 2242 venire
1048 2199 1108 2243 non
1139 2189 1266 2263 possunt
1295 2187 1346 2266 qui
1360 2200 1392 2242 ns

326 2315 430 2378 pacem
455 2293 566 2358 domini
590 2290 758 2355 discordiae
783 2290 886 2354 lurore
909 2301 1062 2374 ruperunt.

398 2588 445 2656 20)
462 2590 572 2642 Hieram.
592 2586 635 2653 23,
654 2587 767 2639 21-22.
804 2585 850 2655 21)
868 2595 893 2639 et
909 2589 1048 2642 audissent
1065 2593 1143 2642 verto
1159 2609 1217 2644 meo
1235 2607 1285 2644 om.
1299 2593 1346 2647 Bb.

325 2684 352 2728 et
369 2678 399 2728 A.
442 2677 490 2742 22)
511 2680 702 2732 contuentissem
725 2683 847 2726 mutatum
871 2675 897 2725 iu
921 2680 1080 2731 avertissem
1103 2677 1127 2728 in
1151 2677 1207 2742 tlh,
1230 2697 1346 2734 eonver-

323 2766 422 2818 tissent
438 2765 554 2816 scribitur
565 2766 590 2815 in
603 2764 643 2817 W.
657 2764 703 2817 lla.
717 2762 754 2814 Ba
768 2771 794 2813 et
806 2763 854 2827 llo,
876 2779 929 2815 nou
941 2766 1086 2817 vertissent
1098 2766 1124 2815 in
1138 2763 1183 2816 Bb.
1221 2765 1268 2836 23)
1280 2767 1345 2820 Hie-

325 2868 387 2904 ram.
407 2853 437 2916 2,
459 2852 499 2904 13.
519 2853 559 2904 24.
591 2852 638 2903 'lta
658 2851 717 2904 Ver.
740 2866 786 2919 pro
813 2850 882 2918 vulg.
907 2853 985 2904 vieoe
1010 2860 1037 2902 et
1061 2852 1102 2903 hie
1127 2861 1153 2902 et
1175 2851 1256 2920 Epist.
1274 2854 1346 2908 LXX.

325 2956 350 3007 p.
372 2939 429 2992 125.
466 2939 568 3008 Legitur
587 2942 654 2991 enim
673 2957 713 3007 up.
732 2939 818 2991 LXX:
846 2937 887 3000 ἐμὲ
906 2936 1062 3002 ἐγκατέλιπον
1080 2937 1158 3006 πηγήν
1176 2937 1264 2998 ὕδατος
1283 2944 1346 3006 ζωῆς.

325 3025 443 3079 Similiter
460 3027 553 3078 Noster
571 3026 634 3078 inira
652 3030 722 3080 vitoe
742 3031 814 3095 sonte
838 3029 951 3080 deserto.
988 3023 1054 3077 Dein
1073 3026 1095 3077 Α
1113 3031 1250 3094 foderunt,
1275 3031 1344 3100 quod

326 3116 446 3166 conuenit
464 3112 562 3165 Graeco
581 3109 671 3176 ὤρυξαν
688 3130 729 3181 ap.
747 3113 818 3166 Lxx.
855 3112 912 3164 blox
931 3117 1002 3168 tutus
1020 3113 1087 3164 idern
1107 3113 1187 3180 liber,
1205 3119 1280 3171 lusos
1299 3116 1344 3168 Ba.

326 3203 387 3254 Turn
405 3205 530 3255 detrietos
547 3199 595 3253 Bb.
638 3200 684 3269 25)
703 3219 832 3269 esposse
850 3217 899 3253 om.
919 3199 957 3265 Α,
980 3219 1061 3269 posse
1078 3219 1109 3256 se
1127 3201 1248 3254 exhibent
1266 3203 1342 3256 codd.

325 3287 379 3340 Bab
405 3297 432 3341 et
455 3287 513 3339 edd.
534 3286 682 3339 Gravianarn
707 3288 897 3340 antecedentes.
934 3287 1002 3340 Delit
1025 3307 1107 3358 posse
1134 3291 1160 3340 in
1179 3289 1211 3344 W
1229 3299 1256 3342 st
1280 3291 1344 3344 llas.

326 3375 373 3439 26)
397 3374 433 3426 lts
457 3374 531 3445 codtd.
550 3377 629 3427 nostri
653 3383 680 3426 et
703 3383 754 3426 tres
772 3374 846 3443 Aegl.
867 3391 888 3428 c.
908 3374 967 3429 edd.
986 3376 1129 3428 Manutiaua
1149 3378 1342 3446 antiquioribus,

325 3463 386 3514 item
403 3460 538 3513 baluziana
556 3470 632 3530 atqua
653 3461 853 3526 Goldhoruiana‚
872 3465 930 3516 iltis
949 3461 1007 3514 edd.
1026 3463 1117 3514 blanut.
1136 3463 1231 3516 Pamel.
1250 3465 1343 3534 Rigalt.

327 3558 353 3601 et
372 3546 451 3601 Oxou.
488 3530 534 3616 27)
555 3549 675 3601 blandoso
693 3553 787 3603 dilectu
804 3547 851 3599 tib.
888 3548 950 3600 Tum
974 3553 1054 3602 immo
1080 3549 1151 3619 (ymo
1175 3550 1211 3615 Α,
1236 3536 1264 3605 in
1291 3557 1343 3607 imo

327 3635 378 3701 bic)
397 3650 446 3685 om.
466 3635 533 3688 blbd.
569 3635 618 3687 Pro
637 3640 810 3690 tremulentus·
828 3635 867 3687 W.
886 3635 960 3688 blabc
984 3645 1011 3688 et
1029 3633 1083 3688 Bab
1108 3635 1229 3691 exhibent
1247 3623 1341 3695 naeu-

326 3726 438 3782 tontur.‚
465 3723 513 3791 28)
531 3726 588 3778 Nou
606 3725 665 3777 ideo
684 3722 720 3787 Α,
746 3740 799 3776 non
823 3726 927 3777 domino
951 3723 998 3777 bb.
1041 3722 1087 3787 29)
1112 3732 1137 3776 et
1158 3729 1271 3794 patiam
1295 3728 1342 3778 lla.

327 3807 393 3860 Dein
410 3810 644 3879 perdiderunt'llb.
681 3810 739 3861 llox
756 3811 824 3862 idem
842 3816 990 3883 peruenire.
1021 3809 1083 3860 Turn
1102 3815 1147 3880 qui
1165 3827 1180 3860 e
1199 3817 1261 3882 quio
1279 3829 1342 3865 corr.

328 3898 353 3948 iu
371 3897 471 3950 eodem.
