2874 4806
817 401 882 464 tlt

339 557 416 621 diem
440 559 521 620 luctu
543 511 728 640 innsigere,
760 559 871 640 vigdiis
901 565 1008 622 noctes
1030 577 1066 620 ac
1088 557 1208 622 fletibus
1230 558 1348 636 ducere,

337 680 453 754 tempos
477 691 567 735 omne
587 672 752 734 lacrimosis
774 671 1033 735 lamentationdtns
1055 691 1221 756 occupare,
1243 679 1348 735 stratos

336 787 403 849 solo
425 786 591 848 adhaerere
613 787 717 864 cineri,
740 787 770 848 in
793 786 890 850 cilicio
912 795 944 848 et
965 786 1105 850 sordibus
1123 766 1262 864 solutari,
1284 792 1349 868 post

335 901 534 962 indumentum
557 901 666 962 Christi
687 900 834 982 perditum
851 901 966 964 nullmn
994 903 1052 964 iam
1073 902 1153 964 velle
1184 903 1349 964 vestimen-

306 1021 413 1094 atom,
443 1021 511 1096 post
533 1015 643 1078 diaboli
665 1016 763 1078 mom
788 1015 876 1078 malle
905 1018 1064 1094 ieiunium,
1093 1018 1179 1080 iustis
1208 1018 1348 1098 openbus
1423 1085 1424 1096 2

333 1129 523 1208 incumbere,
555 1129 661 1209 quibus
690 1135 816 1208 peccata
841 1135 1024 1210 purgantur,
1055 1129 1259 1212 eleemosynis
1284 1131 1348 1194 ire-

332 1250 458 1325 quenter
479 1244 629 1321 insistere,
651 1242 758 1322 qoibns
779 1250 908 1305 amone
922 1245 1039 1305 animae
1053 1243 1223 1308 liberantur.
1262 1244 1349 1318 Quod

330 1357 521 1421 adversarius
544 1352 745 1434 auferebatf‘)
769 1357 905 1420 Christos
929 1359 1063 1439 accipiat.
1108 1359 1172 1420 Nec
1193 1361 1291 1421 teneri
1311 1355 1348 1437 9),

329 1473 396 1553 iarn
419 1491 477 1536 nec
499 1474 592 1534 amari
613 1447 950 1553 patrimoniun'debet,
980 1491 1040 1553 qno
1063 1475 1129 1552 quis
1153 1481 1183 1535 et
1204 1473 1348 1554 deceptus

290 1592 359 1648 roet
380 1587 476 1648 victus
499 1592 553 1648 est
598 1585 656 1647 l'ro
678 1585 773 1666 hoste,
789 1583 908 1646 vitanda
931 1602 982 1646 res
998 1579 1052 1661 ιο),
1075 1603 1131 1666 pro
1153 1585 1271 1648 latrone
1294 1585 1348 1648 iu·
1418 1565 1424 1654 i

326 1701 453 1784 giendo,
485 1718 542 1782 pro
570 1697 671 1782 gladio
701 1698 861 1760 metuenda
890 1694 1125 1782 poslsidentibns
1155 1707 1185 1763 et
1214 1717 1345 1764 veneno.
1359 1719 1388 1763 m

325 1814 372 1878 Ad
395 1816 453 1878 boc
467 1811 507 1892 ¹¹)
530 1819 640 1876 tantm
662 1812 810 1895 profuerit
825 1812 906 1894 qnod
921 1815 1074 1893 remansit,
1098 1820 1131 1878 ut
1145 1814 1216 1876 inde
1231 1816 1346 1878 crimen

325 2081 412 2133 noctis
430 2092 477 2147 pro
495 2087 593 2132 noctes.
625 2075 713 2128 Statim
732 2085 755 2128 st
772 2078 878 2145 fletibus
896 2073 926 2127 Α.
957 2074 1016 2126 llox
1032 2075 1101 2126 idem
1118 2077 1249 2129 inmissis.
1279 2075 1345 2127 Exin

325 2177 427 2222 stratos
445 2169 502 2221 solo
520 2164 553 2215 W
571 2182 593 2217 e.
612 2163 671 2215 edd.
690 2162 788 2214 Erasm.
814 2170 841 2213 et
863 2178 952 2231 seqq,
977 2172 1082 2218 straten
1100 2165 1158 2217 solo
1176 2162 1231 2226 lla,
1257 2171 1344 2216 strato

323 2257 382 2309 solo
399 2253 455 2306 rell.
475 2269 578 2318 omnes,
606 2260 634 2303 ot
650 2259 713 2304 vett.
732 2252 794 2303 edd.
828 2249 892 2302 Tum
911 2255 1053 2306 adhaerere
1071 2255 1170 2318 cineri,
1199 2255 1344 2306 incilicia

323 2339 362 2393 W.
382 2338 455 2392 blacd
475 2349 501 2392 et
520 2339 589 2406 Bab,
615 2341 676 2391 item
701 2338 758 2390 edd.
778 2347 837 2390 ante
855 2338 1032 2404 baluzianam,
1059 2342 1084 2390 in
1103 2355 1153 2408 qoa
1171 2347 1255 2389 exstat
1273 2343 1343 2402 utils,

322 2433 352 2483 in
370 2434 459 2484 cinere
477 2439 502 2483 et
520 2431 608 2481 cilicio
632 2437 656 2480 et
679 2431 807 2482 sordibus
830 2430 956 2481 volutari.
991 2426 1105 2480 Alteram
1130 2427 1267 2479 lectionem
1296 2445 1342 2478 re-

253 2543 255 2550 s
323 2520 390 2586 cepit
407 2519 485 2568 etiam
503 2514 593 2567 Goldb.
630 2519 693 2570 Atre
714 2519 819 2584 cinere,
847 2525 872 2568 et
889 2519 976 2569 cilicio
994 2516 1074 2568 babet
1090 2515 1149 2579 bib,
1177 2519 1235 2570 odb.
1256 2519 1344 2569 cineri

321 2618 345 2664 et
364 2609 452 2660 cilicio
471 2605 508 2670 Α,
535 2615 559 2660 et
582 2608 611 2658 in
635 2608 725 2659 cilicio
742 2605 802 2657 Ver.
822 2603 845 2656 1.
882 2603 947 2656 Dein
964 2608 1083 2660 solutori
1101 2613 1126 2657 et
1143 2609 1270 2660 sordibus
1290 2607 1342 2672 tta,
1423 2655 1424 2660 ,

321 2705 349 2750 ut
373 2695 431 2748 edd.
456 2701 518 2747 vett.
543 2710 564 2746 c.
582 2692 700 2758 Essem,
724 2695 858 2759 coluntur-i
875 2693 931 2757 Mc,
957 2695 1079 2746 volutare
1097 2680 1146 2744 tib.
1183 2692 1263 2744 Panlo
1282 2701 1345 2762 post

320 2785 408 2850 recepi
431 2785 615 2837 vestimentum
638 2795 684 2848 pro
709 2785 834 2836 vestitum
852 2796 867 2831 e
886 2780 961 2833 codd.
980 2781 1021 2831 W.
1041 2780 1104 2833 blac.
1124 2778 1186 2832 Bab.
1224 2781 1343 2834 Proxime

319 2875 398 2925 mulie
415 2874 535 2925 ieiunare
553 2868 657 2922 exbibet
675 2869 723 2920 blo.
754 2869 812 2920 bion
829 2879 979 2939 purpuratur
997 2871 1021 2920 in
1039 2869 1080 2920 Mb
1100 2885 1120 2920 r.
1139 2885 1171 2920 m.
1191 2871 1298 2921 mutavit
1317 2871 1342 2921 in

318 2967 473 3029 perpetitur.
511 2956 571 3007 Tum
596 2958 749 3010 elemosinis
775 2955 888 3007 scribunt
906 2955 946 3006 W.
972 2954 1035 3008 Bab.
1056 2955 1106 3006 lld.
1124 2955 1162 3022 A,
1190 2960 1342 3013 elimosinis

319 3045 363 3098 dat
380 3047 428 3113 lic,
448 3048 620 3116 aelymosinis
634 3040 685 3108 Ma,
704 3045 861 3112 elymosinis
874 3042 922 3095 blb.
959 3042 988 3094 ln
1005 3059 1077 3112 seqq.
1097 3047 1261 3098 attteranmr
1279 3047 1342 3114 (sic)

318 3134 374 3201 lla,
399 3139 547 3189 liberantur
571 3150 586 3186 s
608 3150 641 3186 m.
664 3148 718 3199 pn,
746 3129 777 3181 ab
802 3147 822 3182 r.
841 3135 986 3186 liberentur
1003 3132 1053 3184 blb.
1098 3131 1127 3198 8)
1147 3137 1292 3204 sufferebat
1309 3138 1339 3187 Α.

319 3225 349 3294 9)
368 3227 450 3278 teneri
467 3223 499 3276 ab
519 3222 552 3274 el.
571 3239 602 3274 m.
622 3223 648 3273 in
664 3237 713 3272 ras.
726 3219 803 3271 habet
814 3217 864 3272 lib.
895 3217 996 3271 Deinde
1008 3237 1057 3289 qno
1069 3223 1113 3274 eis
1127 3222 1206 3287 primo
1218 3222 1341 3289 scriptum

318 3310 366 3362 luit
385 3309 469 3364 inblc.
509 3309 553 3375 10)
573 3313 681 3364 citanda
698 3326 744 3362 res
763 3307 863 3362 estblc.
895 3305 956 3359 Tum
974 3318 1005 3362 ot
1021 3306 1179 3373 censualia,
1198 3319 1222 3362 st
1240 3327 1340 3363 venemo

319 3415 368 3452 om.
390 3398 438 3451 blb.
474 3398 594 3451 Erasmus
613 3414 644 3449 ex
662 3396 743 3461 libro,
767 3399 801 3446 nt'
813 3395 881 3460 vidi,
906 3394 1061 3448 Deventriae
1087 3397 1156 3463 typis
1174 3411 1269 3447 excuso
1289 3396 1339 3448 de-

319 3486 392 3537 deret
417 3494 440 3540 et
463 3490 611 3554 condenda,
637 3485 706 3553 quod
731 3484 849 3552 probavit
867 3483 1007 3550 Pamelius,
1034 3487 1183 3552 recepitque
1202 3483 1338 3552 Rigaltius,
1423 3539 1424 3550 ,

319 3573 405 3640 quiin
424 3569 567 3624 Observatt.
586 3588 610 3638 p.
626 3572 676 3622 162
695 3572 825 3623 adnotavit
843 3571 922 3623 haec:
941 3571 1000 3638 „Sic
1018 3571 1145 3624 Pamelius
1167 3571 1254 3636 edidit,
1273 3587 1337 3639 per-

318 3673 414 3726 peram.
451 3657 582 3711 blanocius
603 3659 732 3724 edideratr
760 3663 815 3714 l'ro
834 3664 920 3729 plodio
939 3664 1074 3714 metuendo
1095 3663 1297 3729 possidentibus
1314 3669 1339 3713 et

292 3789 295 3796 ,
319 3762 424 3799 veneno.
461 3743 623 3798 Rectissime:
652 3753 728 3813 atque
747 3746 781 3798 ita
799 3745 892 3814 legitur
909 3748 935 3798 in
955 3748 1056 3814 optimis
1082 3735 1283 3813 elemplaribus,
1312 3756 1338 3798 et

319 3846 391 3883 mens
409 3834 519 3884 auctoris
536 3832 585 3884 boc
603 3831 724 3900 flagitat.“
762 3830 928 3886 confirmatur
949 3833 1014 3884 haec
1032 3832 1109 3884 lectio
1130 3834 1262 3886 codicibus
1279 3833 1336 3884 rell.

319 3921 421 3985 nostris,
440 3919 568 3972 sexdecim
586 3918 728 3973 Baluaianis
746 3928 773 3972 et
793 3921 911 3973 undecim
929 3913 1052 3989 duplicis,
1072 3921 1219 3989 quibuscum
1238 3921 1335 3972 iaciunt

321 4004 379 4060 edd.
397 4013 469 4075 vett,
488 4007 550 4060 item
563 4005 636 4062 Gran.
654 4005 748 4062 bisant.
766 4007 864 4062 llorell.
882 4005 963 4064 Oxou.
981 4007 1068 4062 lialnr.
1087 4007 1175 4062 Goldb.
1213 4008 1261 4078 11)
1274 4013 1332 4068 Pa·
