2872 4806
576 447 615 512 ot

95 602 201 668 curior.
240 603 292 668 Ille
308 603 564 687 adpropinquante
586 604 660 666 liora
685 598 725 682 18)
749 619 803 668 sua
827 603 884 666 ism
906 609 1039 669 moturus
1062 603 1113 668 in-

94 724 198 782 ventus
222 725 279 798 est,
300 718 349 781 hic
372 719 501 782 tortasse
525 719 633 782 dilatus
650 719 761 800 estqui
777 720 956 800 patrimonio
972 717 1113 781 derelicto

93 833 201 898 ideirco
236 835 379 914 secessit,
414 835 483 916 quia
517 852 579 898 non
612 842 676 898 erat
708 839 871 918 negaturus
878 853 889 912 3
922 833 1115 898 confiteretur

94 949 202 1029 utique,
227 951 253 1012 si
276 947 383 1012 luisset
405 955 436 1012 et
458 951 522 1064 ipse
545 950 693 1013 detentus.

575 1147 635 1216 tlt.

70 1303 81 1344 ⁵
174 1288 236 1352 Has
259 1294 421 1372 martyrum
445 1287 593 1352 caelestes
611 1287 637 1366 ¹)
660 1306 801 1368 coronas,
824 1288 879 1351 has
903 1285 1113 1351 confessorum

92 1401 200 1483 glorias
224 1402 389 1484 spiritales,
414 1401 467 1465 has
490 1402 629 1466 stantium
653 1402 776 1466 fratrum
798 1403 941 1466 maximos
966 1401 1112 1464 eximias-

93 1533 147 1595 que
179 1515 309 1578 virtutes
344 1517 489 1578 maestitia
523 1534 581 1579 una
616 1517 789 1595 contristet,
824 1516 905 1598 quod
938 1511 1111 1592 avulsam²)

91 1635 261 1692 nostrorum
282 1629 432 1690 viscerum
454 1634 569 1708 partem
592 1626 742 1690 violentus
757 1619 893 1690 inimicu's
908 1625 1109 1710 populationis
1143 1639 1148 1678 ι

92 1759 159 1804 suoe
181 1748 287 1824 strage
311 1741 427 1805 deiecit.
475 1739 551 1815 Quid
572 1739 631 1803 hoo
653 1737 761 1818 looo³)
784 1739 902 1818 taciem,
927 1738 1113 1806 dilectissimi

62 1825 239 1919 enarresr'
263 1854 423 1917 Fluctuans
446 1852 530 1914 vario
554 1852 660 1914 mentis
684 1858 768 1915 aestu
791 1851 862 1934 quid
886 1859 936 1915 aut
959 1850 1111 1934 quomodo

92 1967 209 2032 dicam?
255 1967 399 2030 Lacrimis
420 1967 531 2049 magis,
561 1983 650 2046 quam
679 1966 781 2029 verbis
812 1984 889 2048 opus
918 1974 964 2029 est
990 1965 1027 2028 ad
1051 1983 1111 2028 ex-

91 2082 273 2162 primendum
297 2082 443 2160 dolorem,
467 2099 528 2162 quo
551 2081 689 2162 corporis
712 2081 807 2144 nostri
830 2081 918 2164 plaga
933 2076 1108 2157 detentat)

92 2202 149 2276 est,
179 2214 240 2277 quo
265 2196 366 2277 populi
389 2193 548 2275 aliquando
572 2194 726 2256 numerosi
747 2192 901 2276 multiplex
921 2191 1110 2258 lamentanda

92 2308 196 2372 iactura
222 2315 279 2372 cst.
324 2309 398 2384 Quis
421 2310 499 2372 enim
522 2308 567 2370 sic
590 2307 683 2372 durus
698 2305 725 2385 ⁵)
750 2327 784 2372 ac
808 2307 942 2387 terreus,
973 2309 1038 2390 quis
1062 2308 1110 2372 sic

63 2420 235 2488 otraternae
260 2424 390 2486 caritatis
415 2423 542 2502 oblitus,
572 2423 623 2505 qui
657 2424 736 2486 inter
764 2441 888 2486 suorum
910 2421 1107 2486 multiformes
1127 2450 1130 2463 ·

93 2537 187 2600 ruinas
210 2544 242 2600 et
264 2536 406 2619 lugubres
428 2554 465 2598 ac
484 2536 574 2600 multo
589 2531 617 2616 θ)
641 2537 782 2618 squalore
801 2535 954 2600 deformes
969 2535 1109 2617 reliquias

94 2651 264 2712 constitutus
287 2623 385 2711 siccos
409 2649 513 2712 oculos
534 2654 640 2711 tenere
655 2648 839 2732 praevaleat,
862 2667 919 2712 nec
935 2656 1110 2731 erumpente

95 2762 183 2823 statim
210 2762 284 2892 neem
312 2763 394 2844 prius
424 2761 552 2844 gemitus
581 2777 654 2825 suos
685 2761 813 2824 lacrimis
841 2779 928 2841 qoam
951 2780 1028 2825 voce
1052 2761 1111 2824 de-

95 2909 296 2924 Ἢ

95 2985 144 3039 illic
168 2988 216 3040 nc.
264 2984 310 3056 18)
337 3007 385 3042 cre
409 2987 460 3042 llld.
496 2987 557 3040 Post
580 2991 680 3042 stitutus
701 2986 743 3038 tto
768 3002 818 3040 om.
844 2997 892 3042 est.
927 2987 986 3038 ttox
1010 2989 1110 3041 iccirco

95 3076 168 3130 lubet
184 3077 234 3130 lid.
272 3075 333 3128 Tum
351 3079 468 3131 decessit
485 3075 517 3141 Α,
537 3080 581 3146 poi
598 3090 645 3143 pro
664 3079 727 3145 prsis
746 3073 786 3126 dib
806 3083 832 3128 et
850 3091 897 3143 pro
915 3093 968 3130 non
988 3085 1044 3129 erat
1067 3073 1110 3127 Md

96 3177 205 3220 moeret

161 3252 201 3304 lll.
232 3253 263 3318 l)
282 3255 408 3306 cadeates
429 3251 469 3303 bis
480 3251 528 3304 Bb.
558 3250 617 3302 lllox
636 3254 793 3320 spirituales
806 3251 852 3304 llo.
884 3250 947 3303 Tum
965 3253 1110 3305 astantium

98 3335 142 3393 lto.
176 3340 276 3393 Deinde
299 3345 435 3394 maximos
458 3343 644 3410 maximasque
667 3337 714 3390 Bb.
758 3339 786 3404 2)
811 3342 939 3394 coebum
958 3338 1006 3390 Ma.
1042 3336 1111 3390 Intra

99 3429 184 3480 deiecit
201 3430 227 3479 in
247 3435 383 3492 contextu,
408 3429 434 3478 in
452 3443 503 3496 mg.
521 3430 564 3482 cel
581 3431 677 3498 detegit
695 3426 735 3492 W,
760 3430 853 3497 defecit
871 3425 917 3478 Ba.
952 3425 982 3495 3)
1001 3429 1059 3479 loco
1078 3425 1110 3476 ab

99 3509 128 3563 el.
145 3529 176 3566 m.
194 3530 271 3583 sopra
289 3512 334 3564 lin.
353 3512 432 3564 habet
448 3511 499 3566 Mb.
535 3513 564 3581 4)
583 3515 718 3583 detinearis
735 3511 773 3564 Bb
793 3521 819 3564 et
836 3529 875 3581 pr.
894 3511 942 3566 tte.
977 3511 1036 3564 llox
1053 3515 1109 3566 eli-

100 3604 194 3665 qusmlo
217 3616 269 3654 om.
292 3600 343 3654 llb.
379 3600 441 3652 Tum
465 3605 573 3670 foetere
596 3599 719 3651 mendose
744 3597 789 3652 Ba.
831 3599 859 3664 5)
884 3602 970 3654 dume
993 3603 1036 3654 sie
1059 3597 1109 3652 ltld.
1175 3657 1179 3666 ¹

100 3681 145 3736 Pro
168 3698 213 3742 cat
231 3693 339 3758 ferens
356 3688 404 3756 (ite
423 3688 498 3740 codd.
516 3686 557 3738 llb
577 3695 603 3738 et
620 3686 658 3738 Bb
678 3703 700 3738 c.
720 3687 778 3740 edd.
798 3685 894 3754 llorell.
914 3695 991 3754 atque
1008 3683 1109 3754 Belua.)

101 3785 129 3822 er
152 3773 206 3830 rell.
224 3775 292 3828 libris
316 3777 415 3844 scriptis
440 3783 466 3828 et
490 3774 565 3826 editis
591 3775 679 3841 recepi
702 3792 734 3828 oc
750 3779 866 3844 ferreus.
902 3771 1006 3824 Addidit
1023 3774 1049 3824 in
1067 3772 1109 3826 tto

100 3872 118 3909 r·
135 3876 166 3914 m·
184 3872 231 3918 est.
273 3863 302 3932 6)
321 3882 353 3918 ec
370 3868 497 3935 topotree
515 3860 711 3927 eternitatis,
736 3872 782 3918 uret
799 3864 881 3916 mrelto
899 3876 938 3928 pr.
955 3859 1006 3912 lib.
1041 3859 1109 3912 Dein

102 3951 232 4014 emaum
250 3950 300 4002 lld
336 3953 364 4004 ln
385 3969 457 4022 seqq.
476 3960 644 4021 erumpentes
661 3949 710 4004 uc.
746 3949 805 4002 ltox
826 3952 933 4020 priscos
955 3947 998 4000 lld
1020 3957 1047 4001 et
1069 3965 1108 4020 pr.

102 4029 147 4086 Ml²·
180 4035 270 4091 Sltfim
287 4044 411 4110 peniteas
427 4057 511 4096 suess
527 4037 575 4092 Bb.
