2894 4804
774 441 838 512 too

296 608 377 666 tactu
399 601 525 667 iniuriae
547 601 710 666 saecularis
733 600 869 666 bamunes
891 621 949 666 nec
971 602 1079 686 rubigo
1101 602 1228 684 adterat,
1252 623 1308 669 nee

297 715 413 800 grando
437 716 551 794 caedat,
575 735 632 780 neo
655 715 799 796 salutat,
822 735 879 780 neo
900 718 1000 799 pluvia
1022 723 1198 801 corrumpat

777 911 839 980 lx.

381 1054 456 1118 Nam
478 1053 625 1136 delinquis
644 1052 668 1132 ¹)
691 1059 721 1116 et
750 1053 808 1118 boc
838 1055 904 1137 ipso
933 1056 963 1118 in
995 1055 1098 1134 deum,
1126 1057 1153 1122 si
1183 1056 1220 1120 ad
1249 1056 1306 1121 boc

296 1168 347 1232 libi
378 1168 415 1231 ab
443 1168 493 1233 illo
526 1167 642 1233 divitias
674 1168 757 1232 datas
787 1167 902 1248 credis,
933 1174 966 1232 ut
987 1169 1045 1233 illis
1067 1187 1128 1234 non
1151 1171 1308 1255 salubriter

269 1281 468 1366 uperiruaris.
505 1283 579 1346 Nam
594 1291 624 1346 et
644 1300 751 1346 vocem
775 1281 848 1346 deus
870 1282 981 1346 homini
1005 1280 1137 1364 dedit²)‚
1162 1291 1192 1347 et
1214 1292 1310 1348 tamen

296 1414 356 1460 non
378 1403 448 1460 sunt
469 1395 611 1460 amatoria
633 1394 788 1475 cantanda,
811 1411 869 1458 neo
893 1395 1006 1476 turpia3
1039 1402 1069 1458 et
1100 1395 1213 1460 serrum
1245 1413 1311 1460 esse

297 1509 335 1574 ad
364 1509 506 1573 culturam
536 1517 634 1572 terrae
665 1507 739 1571 deus
769 1507 880 1588 voluit,
910 1527 967 1571 neo
993 1509 1152 1573 homicidia
1174 1517 1243 1574 sunt
1264 1511 1312 1573 id-

297 1624 377 1688 circo
400 1622 552 1699 iacienda;
580 1629 629 1685 aut
652 1624 721 1703 quia
743 1628 808 1685 tura
821 1618 848 1700 ³)
873 1630 1040 1685 elmerum
1065 1630 1094 1686 et
1117 1625 1218 1707 ignem
1241 1623 1312 1687 deus

296 1737 428 1816 instituit,
451 1735 673 1800 sacrificandum
697 1743 743 1799 est
764 1735 834 1800 inde
856 1734 962 1816 idolis,
993 1737 1042 1801 vel
1073 1739 1141 1819 quia
1164 1737 1313 1802 abundant

258 1868 285 1913 m
297 1851 444 1936 pecudum
467 1868 579 1936 greges
601 1851 631 1913 in
646 1851 727 1934 agris
743 1850 811 1929 tuis,
834 1849 967 1912 victimas
984 1857 1014 1912 et
1036 1851 1148 1914 hostias
1170 1852 1312 1916 inmolare

298 1965 445 2030 debebis?
490 1965 581 2045 Atqui
593 1961 621 2043 4)
644 1965 797 2046 temptatio
820 1970 867 2027 est
887 1965 1094 2045 patrimonium
1109 1964 1236 2048 grande,
1259 1966 1314 2030 nisi

298 2117 505 2130 *—

1151 2157 1168 2190 a

366 2211 407 2264 lx.
436 2213 462 2276 1)
482 2212 616 2280 delinques
634 2207 684 2260 llb.
720 2207 778 2260 blox
796 2211 829 2261 ad
846 2211 909 2262 boec
927 2205 958 2259 Α.
992 2205 1060 2259 Dein
1082 2211 1174 2262 credie
1194 2211 1224 2275 (a
1242 2207 1273 2260 ab
1291 2224 1311 2259 r.

297 2317 329 2352 m.
348 2300 487 2367 superscr.)
512 2295 566 2364 lle,
591 2299 684 2351 credas
710 2295 767 2347 edd.
786 2302 847 2347 vett.
892 2295 920 2360 2)
939 2299 1039 2350 bomini
1056 2298 1122 2349 deae
1139 2297 1211 2350 dedit
1228 2293 1269 2347 bid
1289 2303 1314 2347 et

296 2387 354 2440 edd.
374 2395 433 2438 ante
451 2385 545 2438 blanut.
563 2400 652 2436 omnes
673 2401 694 2438 c.
714 2381 828 2449 Murali,
846 2386 976 2438 bominem
994 2382 1081 2435 scribit
1098 2379 1128 2435 B.
1163 2380 1243 2438 Voce.
1261 2401 1315 2437 non

296 2485 361 2530 aunt
380 2490 394 2525 a
413 2490 433 2524 r.
453 2490 486 2524 m.
505 2472 583 2524 babet
600 2471 648 2524 lla.
686 2471 760 2536 Quod
778 2471 848 2540 vulg.
868 2471 966 2522 additur
984 2475 1100 2534 idcirco,
1125 2477 1215 2538 utpote
1234 2473 1311 2523 omiu-

296 2578 350 2614 sum
368 2563 392 2612 in
411 2560 487 2612 codd.
506 2560 566 2612 Ver.
584 2558 628 2612 W.
652 2557 719 2610 llab.
739 2558 762 2610 A
782 2567 807 2610 et
824 2567 969 2627 suspectum
986 2562 1035 2610 iam
1054 2557 1163 2624 Granio,
1190 2560 1249 2627 quia
1268 2559 1314 2610 mi·

296 2647 437 2701 nutioribus
459 2650 527 2714 typis
552 2646 730 2700 excudendum
753 2629 903 2712 curaverat,
932 2647 1048 2713 expunxi.
1092 2644 1119 2696 ln
1144 2661 1219 2714 seqq.
1241 2648 1266 2698 in
1292 2646 1315 2699 A

296 2736 390 2806 legitur
407 2751 456 2789 nac
473 2738 576 2790 idcirco
593 2746 656 2788 eunt
676 2738 819 2792 tomiciiia
842 2738 973 2804 facienda.
1019 2734 1048 2804 3)
1065 2733 1102 2786 Ita
1121 2733 1161 2786 W.
1180 2733 1263 2788 Macd.
1281 2731 1310 2800 B,

298 2829 367 2947 thuro
385 2892 415 2960 (b
433 2891 465 2944 ab
484 2892 499 2944 l.
515 2909 546 2944 m.
566 2906 691 2960 superscr.
713 2891 777 2960 bib).
808 2890 883 2960 vulg.
902 2895 988 2944 thuro.
1025 2890 1077 2942 Sed
1095 2892 1145 2944 vid.
1165 2891 1312 2961 Wagner.

231 3037 232 3044 ἵ
297 2979 408 3048 orthogr.
427 2979 521 3048 Vergil.
543 2995 568 3046 p.
588 2979 647 3031 476.
684 2978 750 3030 Dein
770 2990 934 3034 animorum
953 2989 998 3034 out
1016 2981 1102 3049 iqnem
1119 2977 1161 3046 W,
1187 2989 1212 3033 et
1231 2983 1314 3050 iqnem

296 3077 321 3122 ot
342 3071 440 3122 minem
462 3068 524 3136 taio)
543 3067 601 3119 edd.
622 3066 667 3120 sP.
686 3067 779 3119 Venct.
799 3066 822 3118 1.
842 3065 933 3131 linum,
952 3076 976 3121 et
992 3070 1078 3136 iqnam
1097 3075 1121 3120 et
1137 3069 1207 3120 mira
1225 3067 1313 3118 Venat.

297 3155 336 3220 2.,
360 3165 384 3210 et
409 3159 462 3225 iqn.
489 3164 512 3208 et
534 3159 647 3208 mirram
672 3154 811 3218 Derecto,
839 3165 863 3209 et
886 3159 940 3226 ἔφη.
960 3163 984 3208 et
1007 3173 1128 3225 myrram
1153 3157 1213 3220 (ser.
1232 3155 1312 3222 potius

295 3243 442 3312 myrrham)
461 3242 568 3308 bamb,
587 3252 611 3296 et
627 3246 757 3297 mirrham
776 3252 800 3297 ot
817 3247 871 3315 iqn.
889 3241 1002 3309 Erasm,
1025 3253 1049 3296 ut
1066 3246 1201 3313 myrrham
1219 3251 1243 3295 et
1260 3245 1312 3310 iqn.

298 3327 371 3380 Grau.
408 3325 526 3380 ceterum
550 3338 607 3397 post
630 3348 732 3384 merum
759 3345 822 3381 unus
847 3328 912 3381 liber
929 3328 983 3382 ltal.
1003 3329 1089 3381 adiicit
1112 3328 1219 3382 verbum
1238 3331 1311 3383 dedit.

297 3413 345 3467 l’ro
364 3419 430 3470 dous
447 3417 516 3468 idem
535 3434 556 3469 c.
576 3416 643 3469 blbd.
661 3416 681 3468 B
700 3427 727 3469 et
745 3418 768 3469 Α
784 3417 864 3469 habet
884 3420 1015 3472 dominns.
1052 3416 1113 3468 Tum
1133 3419 1229 3470 institit
1254 3416 1311 3485 (sic,

298 3501 396 3555 duobus
414 3505 513 3570 punctis
530 3519 606 3572 supra
630 3504 734 3573 positis)
753 3504 792 3556 W.
829 3503 887 3555 Mox
911 3507 972 3558 inde
996 3515 1035 3558 cat
1059 3506 1147 3573 ydolis
1166 3502 1203 3570 A,
1227 3507 1312 3574 ydolis

298 3591 372 3642 etiam
391 3590 448 3643 blcd
467 3599 493 3643 et
512 3591 553 3644 ad.
571 3590 696 3644 Daventr.
725 3591 807 3644 Primo
827 3595 873 3661 qui
890 3606 937 3658 pro
956 3595 1018 3660 quia
1031 3590 1070 3643 W.
1102 3590 1190 3643 Statim
1208 3595 1310 3646 bobun-

298 3681 359 3731 dant
376 3678 415 3730 W.
435 3678 518 3730 blabd.
537 3675 566 3730 B.
585 3677 607 3729 A
627 3686 653 3730 et
672 3678 730 3731 edd.
749 3678 870 3731 Daventr.
890 3687 965 3747 atque
982 3677 1070 3730 Remb.
1106 3677 1173 3730 Dein
1189 3681 1311 3749 pecodum

299 3781 335 3833 pr.
355 3763 395 3817 W.
430 3763 547 3815 Proxima
572 3769 659 3819 boalia
677 3766 708 3816 Α.
744 3762 805 3816 Tum
831 3769 886 3819 diis
912 3768 1049 3818 immolare
1067 3763 1152 3816 Baluz.
1180 3773 1205 3817 et
1223 3763 1310 3817 Goldh.

299 3849 350 3904 sed
367 3853 420 3905 diis
439 3852 528 3902 marito
547 3866 595 3903 om.
616 3859 643 3904 et
660 3854 740 3904 nostri
759 3853 835 3905 codd.
855 3860 882 3904 et
899 3852 953 3904 ltal.
973 3869 995 3904 c.
1014 3851 1072 3903 edd.
1096 3852 1310 3904 antecedentibus.

298 3935 348 3990 Pro
367 3939 468 3990 debebis
486 3935 525 3988 llla
552 3935 628 3990 habat
654 3941 756 3993 debeas.
787 3939 832 4004 ’4)
858 3937 896 3990 lta
922 3937 962 3991 W.
988 3937 1028 3991 lla
1055 3939 1110 4008 (bie
1135 3956 1174 4007 pr.
1201 3939 1310 4010 atquin).

299 4022 358 4074 Ver·
377 4021 403 4075 2·
420 4021 459 4087 Α,
479 4027 576 4099 adquin
593 4023 643 4083 Mb.
662 4023 697 4092 Β,
717 4027 751 4079 ad
769 4028 831 4095 quid
845 4040 896 4093 ¹pn,
915 4025 947 4077 ab
965 4041 986 4079 r.
1005 4041 1038 4079 m.
1058 4028 1175 4097 alioquin
1192 4026 1246 4092 Mc,
1266 4035 1310 4078 aut
