<?xml version="1.0" encoding="UTF-8"?>
<!DOCTYPE html PUBLIC "-//W3C//DTD XHTML 1.0 Transitional//EN"
    "http://www.w3.org/TR/xhtml1/DTD/xhtml1-transitional.dtd">
<html xmlns="http://www.w3.org/1999/xhtml" xml:lang="en" lang="en">
 <head>
  <title>
</title>
<meta http-equiv="Content-Type" content="text/html;charset=utf-8" />
  <meta name='ocr-system' content='tesseract 3.04.00' />
  <meta name='ocr-capabilities' content='ocr_page ocr_carea ocr_par ocr_line ocrx_word'/>
</head>
<body>
  <div class='ocr_page' id='page_1' title='image "./scaecilicyprian00krabgoog_0037.png"; bbox 0 0 2908 4802; ppageno 0'>
   <div class='ocr_carea' id='block_1_1' title="bbox 801 431 841 493">
    <p class='ocr_par' dir='ltr' id='par_1_1' title="bbox 801 431 841 493">
     <span class='ocr_line' id='line_1_1' title="bbox 801 431 841 493; baseline -0.025 0"><span class='ocrx_word' id='word_1_1' title='bbox 801 431 841 493; x_wconf 84' lang='lat'><strong>12</strong></span> 
     </span>
    </p>
   </div>
   <div class='ocr_carea' id='block_1_2' title="bbox 312 587 1330 675">
    <p class='ocr_par' dir='ltr' id='par_1_2' title="bbox 312 587 1330 675">
     <span class='ocr_line' id='line_1_2' title="bbox 312 587 1330 675; baseline 0.011 -28"><span class='ocrx_word' id='word_1_2' title='bbox 312 587 438 650; x_wconf 88' lang='lat' dir='ltr'><strong>ticoruru</strong></span> <span class='ocrx_word' id='word_1_3' title='bbox 468 589 590 669; x_wconf 90' lang='lat' dir='ltr'><strong>spiritus</strong></span> <span class='ocrx_word' id='word_1_4' title='bbox 617 595 737 652; x_wconf 83' lang='lat' dir='ltr'><strong>sanctus</strong></span> <span class='ocrx_word' id='word_1_5' title='bbox 767 609 807 652; x_wconf 79' lang='lat' dir='ltr'><strong>en</strong></span> <span class='ocrx_word' id='word_1_6' title='bbox 835 609 965 672; x_wconf 83' lang='lat' dir='ltr'><strong>persona</strong></span> <span class='ocrx_word' id='word_1_7' title='bbox 995 595 1104 656; x_wconf 82' lang='lat' dir='ltr'><strong>donnini</strong></span> <span class='ocrx_word' id='word_1_8' title='bbox 1133 595 1270 675; x_wconf 73' lang='lat' dir='ltr'><strong>designet</strong></span> <span class='ocrx_word' id='word_1_9' title='bbox 1291 590 1330 673; x_wconf 83' lang='lat'><strong>¹⁹)</strong></span> 
     </span>
    </p>
   </div>
   <div class='ocr_carea' id='block_1_3' title="bbox 309 697 1332 898">
    <p class='ocr_par' dir='ltr' id='par_1_3' title="bbox 309 697 1332 898">
     <span class='ocr_line' id='line_1_3' title="bbox 312 697 1332 790; baseline 0.01 -27"><span class='ocrx_word' id='word_1_10' title='bbox 312 707 341 763; x_wconf 93' lang='lat' dir='ltr'><strong>et</strong></span> <span class='ocrx_word' id='word_1_11' title='bbox 357 701 426 763; x_wconf 89' lang='lat' dir='ltr'><strong>dicit</strong></span> <span class='ocrx_word' id='word_1_12' title='bbox 438 697 494 784; x_wconf 33' lang='lat'>²⁸⁰):</span> <span class='ocrx_word' id='word_1_13' title='bbox 521 704 587 766; x_wconf 84' lang='lat' dir='ltr'><strong>Una</strong></span> <span class='ocrx_word' id='word_1_14' title='bbox 610 714 655 766; x_wconf 78' lang='lat' dir='ltr'><strong>est</strong></span> <span class='ocrx_word' id='word_1_15' title='bbox 676 706 815 768; x_wconf 81' lang='lat' dir='ltr'><strong>columbo</strong></span> <span class='ocrx_word' id='word_1_16' title='bbox 836 728 914 784; x_wconf 85' lang='lat' dir='ltr'><strong>meu,</strong></span> <span class='ocrx_word' id='word_1_17' title='bbox 935 711 1075 790; x_wconf 77' lang='lat' dir='ltr'><strong>perfecto</strong></span> <span class='ocrx_word' id='word_1_18' title='bbox 1095 729 1174 788; x_wconf 83' lang='lat' dir='ltr'><strong>mco,</strong></span> <span class='ocrx_word' id='word_1_19' title='bbox 1196 731 1261 772; x_wconf 80' lang='lat' dir='ltr'><strong>uno</strong></span> <span class='ocrx_word' id='word_1_20' title='bbox 1283 719 1332 774; x_wconf 80' lang='lat' dir='ltr'><strong>est</strong></span> 
     </span>
     <span class='ocr_line' id='line_1_4' title="bbox 309 811 971 898; baseline 0.006 -20"><span class='ocrx_word' id='word_1_21' title='bbox 309 818 402 878; x_wconf 84' lang='lat' dir='ltr'><strong>matri</strong></span> <span class='ocrx_word' id='word_1_22' title='bbox 416 811 458 888; x_wconf 72' lang='lat'><strong>²¹)</strong></span> <span class='ocrx_word' id='word_1_23' title='bbox 479 829 572 893; x_wconf 81' lang='lat' dir='ltr'><strong>suae,</strong></span> <span class='ocrx_word' id='word_1_24' title='bbox 599 819 695 879; x_wconf 84' lang='lat' dir='ltr'><strong>electu</strong></span> <span class='ocrx_word' id='word_1_25' title='bbox 715 820 865 898; x_wconf 73' lang='lat' dir='ltr'><strong>penetrici</strong></span> <span class='ocrx_word' id='word_1_26' title='bbox 887 839 971 882; x_wconf 80' lang='lat' dir='ltr'><strong>suae.</strong></span> 
     </span>
    </p>
   </div>
   <div class='ocr_carea' id='block_1_4' title="bbox 789 1017 848 1082">
    <p class='ocr_par' dir='ltr' id='par_1_4' title="bbox 789 1017 848 1082">
     <span class='ocr_line' id='line_1_5' title="bbox 789 1017 848 1082; baseline 0 0"><span class='ocrx_word' id='word_1_27' title='bbox 789 1017 848 1082; x_wconf 86' lang='lat' dir='ltr'><strong>lv.</strong></span> 
     </span>
    </p>
   </div>
   <div class='ocr_carea' id='block_1_5' title="bbox 270 1159 1406 1924">
    <p class='ocr_par' dir='ltr' id='par_1_5' title="bbox 270 1159 1406 1924">
     <span class='ocr_line' id='line_1_6' title="bbox 396 1159 1329 1240; baseline 0.006 -19"><span class='ocrx_word' id='word_1_28' title='bbox 396 1159 479 1221; x_wconf 82' lang='lat' dir='ltr'><strong>Hunc</strong></span> <span class='ocrx_word' id='word_1_29' title='bbox 501 1159 649 1221; x_wconf 79' lang='lat' dir='ltr'><strong>ecciesiae</strong></span> <span class='ocrx_word' id='word_1_30' title='bbox 671 1160 813 1222; x_wconf 80' lang='lat' dir='ltr'><strong>unitatem</strong></span> <span class='ocrx_word' id='word_1_31' title='bbox 833 1159 857 1235; x_wconf 93' lang='lat'><strong>¹)</strong></span> <span class='ocrx_word' id='word_1_32' title='bbox 879 1162 929 1240; x_wconf 83' lang='lat' dir='ltr'><strong>qui</strong></span> <span class='ocrx_word' id='word_1_33' title='bbox 951 1179 1011 1223; x_wconf 94' lang='lat' dir='ltr'><strong>non</strong></span> <span class='ocrx_word' id='word_1_34' title='bbox 1035 1169 1134 1240; x_wconf 88' lang='lat' dir='ltr'><strong>tenet,</strong></span> <span class='ocrx_word' id='word_1_35' title='bbox 1152 1171 1271 1226; x_wconf 77' lang='lat' dir='ltr'><strong>,tenere</strong></span> <span class='ocrx_word' id='word_1_36' title='bbox 1293 1183 1329 1227; x_wconf 91' lang='lat' dir='ltr'><strong>se</strong></span> 
     </span>
     <span class='ocr_line' id='line_1_7' title="bbox 282 1269 1406 1355; baseline 0.01 -24"><span class='ocrx_word' id='word_1_37' title='bbox 282 1273 398 1335; x_wconf 81' lang='lat' dir='ltr'><strong>ufidern</strong></span> <span class='ocrx_word' id='word_1_38' title='bbox 434 1272 545 1348; x_wconf 91' lang='lat' dir='ltr'><strong>credit;</strong></span> <span class='ocrx_word' id='word_1_39' title='bbox 579 1274 629 1354; x_wconf 88' lang='lat' dir='ltr'><strong>qui</strong></span> <span class='ocrx_word' id='word_1_40' title='bbox 665 1273 811 1336; x_wconf 81' lang='lat' dir='ltr'><strong>ecclesiae</strong></span> <span class='ocrx_word' id='word_1_41' title='bbox 848 1275 986 1336; x_wconf 75' lang='lat' dir='ltr'>renititur</span> <span class='ocrx_word' id='word_1_42' title='bbox 1023 1282 1053 1337; x_wconf 89' lang='lat' dir='ltr'><strong>et</strong></span> <span class='ocrx_word' id='word_1_43' title='bbox 1082 1277 1192 1337; x_wconf 81' lang='lat' dir='ltr'><strong>resistit</strong></span> <span class='ocrx_word' id='word_1_44' title='bbox 1216 1275 1261 1355; x_wconf 79' lang='lat'><strong>²),</strong></span> <span class='ocrx_word' id='word_1_45' title='bbox 1297 1280 1329 1342; x_wconf 88' lang='lat' dir='ltr'><strong>in</strong></span> <span class='ocrx_word' id='word_1_46' title='bbox 1404 1269 1406 1274; x_wconf 40' lang='lat'><strong>¹</strong></span> 
     </span>
     <span class='ocr_line' id='line_1_8' title="bbox 310 1387 1328 1470; baseline 0.005 -20"><span class='ocrx_word' id='word_1_47' title='bbox 310 1388 438 1450; x_wconf 81' lang='lat' dir='ltr'><strong>ecclesie</strong></span> <span class='ocrx_word' id='word_1_48' title='bbox 457 1407 492 1450; x_wconf 90' lang='lat' dir='ltr'><strong>se</strong></span> <span class='ocrx_word' id='word_1_49' title='bbox 509 1405 578 1450; x_wconf 88' lang='lat' dir='ltr'><strong>esse</strong></span> <span class='ocrx_word' id='word_1_50' title='bbox 594 1388 723 1465; x_wconf 87' lang='lat' dir='ltr'><strong>contidit,</strong></span> <span class='ocrx_word' id='word_1_51' title='bbox 747 1387 866 1468; x_wconf 82' lang='lat' dir='ltr'><strong>quando</strong></span> <span class='ocrx_word' id='word_1_52' title='bbox 881 1396 911 1450; x_wconf 91' lang='lat' dir='ltr'><strong>et</strong></span> <span class='ocrx_word' id='word_1_53' title='bbox 928 1391 1033 1452; x_wconf 77' lang='lat' dir='ltr'><strong>beatus</strong></span> <span class='ocrx_word' id='word_1_54' title='bbox 1048 1391 1202 1470; x_wconf 77' lang='lat' dir='ltr'><strong>apostotus</strong></span> <span class='ocrx_word' id='word_1_55' title='bbox 1218 1392 1328 1454; x_wconf 80' lang='lat' dir='ltr'><strong>Paulus</strong></span> 
     </span>
     <span class='ocr_line' id='line_1_9' title="bbox 308 1501 1328 1579; baseline 0.006 -17"><span class='ocrx_word' id='word_1_56' title='bbox 308 1501 368 1563; x_wconf 88' lang='lat' dir='ltr'><strong>hoc</strong></span> <span class='ocrx_word' id='word_1_57' title='bbox 389 1501 467 1564; x_wconf 86' lang='lat' dir='ltr'><strong>idern</strong></span> <span class='ocrx_word' id='word_1_58' title='bbox 490 1501 597 1564; x_wconf 86' lang='lat' dir='ltr'><strong>doceat</strong></span> <span class='ocrx_word' id='word_1_59' title='bbox 618 1508 647 1563; x_wconf 92' lang='lat' dir='ltr'><strong>et</strong></span> <span class='ocrx_word' id='word_1_60' title='bbox 669 1507 887 1564; x_wconf 79' lang='lat' dir='ltr'><strong>sacromentum</strong></span> <span class='ocrx_word' id='word_1_61' title='bbox 914 1505 1033 1565; x_wconf 81' lang='lat' dir='ltr'><strong>unitatis</strong></span> <span class='ocrx_word' id='word_1_62' title='bbox 1049 1501 1077 1579; x_wconf 74' lang='grc'><strong>3)</strong></span> <span class='ocrx_word' id='word_1_63' title='bbox 1107 1507 1245 1568; x_wconf 80' lang='lat' dir='ltr'><strong>ostendet</strong></span> <span class='ocrx_word' id='word_1_64' title='bbox 1276 1507 1328 1568; x_wconf 90' lang='lat' dir='ltr'><strong>di-</strong></span> 
     </span>
     <span class='ocr_line' id='line_1_10' title="bbox 309 1613 1326 1698; baseline 0.004 -20"><span class='ocrx_word' id='word_1_65' title='bbox 309 1633 382 1678; x_wconf 87' lang='lat' dir='ltr'><strong>uens</strong></span> <span class='ocrx_word' id='word_1_66' title='bbox 399 1613 442 1693; x_wconf 76' lang='lat' dir='ltr'><strong>⁴J:</strong></span> <span class='ocrx_word' id='word_1_67' title='bbox 475 1615 571 1678; x_wconf 83' lang='lat' dir='ltr'><strong>Unum</strong></span> <span class='ocrx_word' id='word_1_68' title='bbox 593 1635 705 1695; x_wconf 73' lang='lat' dir='ltr'><strong>corpses</strong></span> <span class='ocrx_word' id='word_1_69' title='bbox 726 1624 756 1677; x_wconf 82' lang='lat' dir='ltr'><strong>et</strong></span> <span class='ocrx_word' id='word_1_70' title='bbox 775 1636 856 1678; x_wconf 85' lang='lat' dir='ltr'><strong>unus</strong></span> <span class='ocrx_word' id='word_1_71' title='bbox 877 1619 1022 1696; x_wconf 82' lang='lat' dir='ltr'><strong>spiritus,</strong></span> <span class='ocrx_word' id='word_1_72' title='bbox 1049 1637 1113 1680; x_wconf 85' lang='lat' dir='ltr'><strong>unu</strong></span> <span class='ocrx_word' id='word_1_73' title='bbox 1133 1639 1205 1698; x_wconf 80' lang='lat' dir='ltr'><strong>spes</strong></span> <span class='ocrx_word' id='word_1_74' title='bbox 1226 1639 1326 1682; x_wconf 84' lang='lat' dir='ltr'><strong>oocu-</strong></span> 
     </span>
     <span class='ocr_line' id='line_1_11' title="bbox 310 1717 1326 1814; baseline 0.006 -22"><span class='ocrx_word' id='word_1_75' title='bbox 310 1732 402 1794; x_wconf 83' lang='lat' dir='ltr'><strong>tionis</strong></span> <span class='ocrx_word' id='word_1_76' title='bbox 424 1739 556 1808; x_wconf 84' lang='lat' dir='ltr'><strong>uestrae,</strong></span> <span class='ocrx_word' id='word_1_77' title='bbox 578 1717 665 1794; x_wconf 54' lang='lat' dir='ltr'><strong>unu?</strong></span> <span class='ocrx_word' id='word_1_78' title='bbox 681 1731 831 1806; x_wconf 84' lang='lat' dir='ltr'><strong>dominus,</strong></span> <span class='ocrx_word' id='word_1_79' title='bbox 854 1751 919 1793; x_wconf 85' lang='lat' dir='ltr'><strong>uno</strong></span> <span class='ocrx_word' id='word_1_80' title='bbox 938 1732 1026 1811; x_wconf 73' lang='lat' dir='ltr'><strong>fides,</strong></span> <span class='ocrx_word' id='word_1_81' title='bbox 1049 1753 1142 1796; x_wconf 84' lang='lat' dir='ltr'><strong>uuum</strong></span> <span class='ocrx_word' id='word_1_82' title='bbox 1164 1734 1326 1814; x_wconf 79' lang='lat' dir='ltr'><strong>baptisma,</strong></span> 
     </span>
     <span class='ocr_line' id='line_1_12' title="bbox 270 1844 1328 1924; baseline 0.009 -22"><span class='ocrx_word' id='word_1_83' title='bbox 270 1859 389 1908; x_wconf 80' lang='lat' dir='ltr'><strong>tonnus</strong></span> <span class='ocrx_word' id='word_1_84' title='bbox 409 1845 493 1908; x_wconf 83' lang='lat' dir='ltr'><strong>deus.</strong></span> <span class='ocrx_word' id='word_1_85' title='bbox 538 1844 632 1919; x_wconf 84' lang='lat' dir='ltr'><strong>Ouarn</strong></span> <span class='ocrx_word' id='word_1_86' title='bbox 656 1845 797 1906; x_wconf 81' lang='lat' dir='ltr'><strong>unitatem</strong></span> <span class='ocrx_word' id='word_1_87' title='bbox 820 1852 926 1908; x_wconf 91' lang='lat' dir='ltr'><strong>tenere</strong></span> <span class='ocrx_word' id='word_1_88' title='bbox 947 1845 1070 1907; x_wconf 85' lang='lat' dir='ltr'><strong>tirmiter</strong></span> <span class='ocrx_word' id='word_1_89' title='bbox 1082 1844 1110 1924; x_wconf 91' lang='lat'><strong>⁵)</strong></span> <span class='ocrx_word' id='word_1_90' title='bbox 1130 1854 1161 1909; x_wconf 89' lang='lat' dir='ltr'><strong>et</strong></span> <span class='ocrx_word' id='word_1_91' title='bbox 1175 1847 1328 1912; x_wconf 80' lang='lat' dir='ltr'><strong>vindicare</strong></span> 
     </span>
    </p>
   </div>
   <div class='ocr_carea' id='block_1_6' title="bbox 308 2095 1328 2534">
    <p class='ocr_par' dir='ltr' id='par_1_6' title="bbox 308 2095 1328 2534">
     <span class='ocr_line' id='line_1_13' title="bbox 308 2095 1327 2168; baseline -0.002 -16"><span class='ocrx_word' id='word_1_92' title='bbox 308 2101 427 2168; x_wconf 83' lang='lat' dir='ltr'><strong>pusiticio</strong></span> <span class='ocrx_word' id='word_1_93' title='bbox 451 2097 577 2166; x_wconf 71' lang='lat' dir='ltr'>sagaciter</span> <span class='ocrx_word' id='word_1_94' title='bbox 602 2104 628 2148; x_wconf 89' lang='lat' dir='ltr'><strong>et</strong></span> <span class='ocrx_word' id='word_1_95' title='bbox 651 2103 771 2147; x_wconf 80' lang='lat' dir='ltr'><strong>accurate</strong></span> <span class='ocrx_word' id='word_1_96' title='bbox 796 2097 913 2162; x_wconf 74' lang='lat' dir='ltr'><strong>exposuit</strong></span> <span class='ocrx_word' id='word_1_97' title='bbox 937 2098 977 2148; x_wconf 87' lang='lat' dir='ltr'><strong>vir</strong></span> <span class='ocrx_word' id='word_1_98' title='bbox 1000 2095 1159 2148; x_wconf 84' lang='lat' dir='ltr'><strong>doctissimus</strong></span> <span class='ocrx_word' id='word_1_99' title='bbox 1182 2097 1220 2164; x_wconf 88' lang='lat' dir='ltr'><strong>(ni</strong></span> <span class='ocrx_word' id='word_1_100' title='bbox 1244 2097 1327 2164; x_wconf 76' lang='lat' dir='ltr'><strong>saltur,</strong></span> 
     </span>
     <span class='ocr_line' id='line_1_14' title="bbox 308 2182 1328 2254; baseline 0.001 -15"><span class='ocrx_word' id='word_1_101' title='bbox 308 2187 477 2240; x_wconf 80' lang='lat' dir='ltr'><strong>bidblerus</strong></span> <span class='ocrx_word' id='word_1_102' title='bbox 506 2182 522 2234; x_wconf 88' lang='lat' dir='ltr'><strong>o‘</strong></span> <span class='ocrx_word' id='word_1_103' title='bbox 547 2186 689 2252; x_wconf 66' lang='grc' dir='ltr'><strong>μακαρίτης)</strong></span> <span class='ocrx_word' id='word_1_104' title='bbox 715 2185 740 2234; x_wconf 95' lang='lat' dir='ltr'><strong>in</strong></span> <span class='ocrx_word' id='word_1_105' title='bbox 770 2182 853 2248; x_wconf 82' lang='lat' dir='ltr'><strong>libro,</strong></span> <span class='ocrx_word' id='word_1_106' title='bbox 885 2185 928 2251; x_wconf 90' lang='lat' dir='ltr'><strong>qui</strong></span> <span class='ocrx_word' id='word_1_107' title='bbox 957 2182 1103 2234; x_wconf 75' lang='lat' dir='ltr'><strong>inscribitur</strong></span> <span class='ocrx_word' id='word_1_108' title='bbox 1136 2188 1328 2254; x_wconf 74' lang='lat' dir='ltr'><strong>„tbeulopisobo</strong></span> 
     </span>
     <span class='ocr_line' id='line_1_15' title="bbox 308 2269 1327 2345; baseline -0.006 -14"><span class='ocrx_word' id='word_1_109' title='bbox 308 2275 539 2345; x_wconf 72' lang='lat' dir='ltr'><strong>Quartuisottrifl“</strong></span> <span class='ocrx_word' id='word_1_110' title='bbox 571 2288 628 2324; x_wconf 81' lang='lat' dir='ltr'><strong>unu.</strong></span> <span class='ocrx_word' id='word_1_111' title='bbox 659 2270 734 2322; x_wconf 87' lang='grc'><strong>1823.</strong></span> <span class='ocrx_word' id='word_1_112' title='bbox 761 2288 787 2338; x_wconf 92' lang='lat' dir='ltr'><strong>p.</strong></span> <span class='ocrx_word' id='word_1_113' title='bbox 805 2272 857 2321; x_wconf 86' lang='lat'><strong>510</strong></span> <span class='ocrx_word' id='word_1_114' title='bbox 876 2288 947 2340; x_wconf 89' lang='lat' dir='ltr'><strong>seqq.</strong></span> <span class='ocrx_word' id='word_1_115' title='bbox 992 2269 1040 2332; x_wconf 80' lang='lat' dir='ltr'><strong>Qut</strong></span> <span class='ocrx_word' id='word_1_116' title='bbox 1066 2288 1132 2322; x_wconf 89' lang='lat' dir='ltr'><strong>uuus</strong></span> <span class='ocrx_word' id='word_1_117' title='bbox 1158 2271 1222 2324; x_wconf 84' lang='lat' dir='ltr'><strong>buce</strong></span> <span class='ocrx_word' id='word_1_118' title='bbox 1246 2273 1327 2326; x_wconf 82' lang='lat' dir='ltr'><strong>verbu</strong></span> 
     </span>
     <span class='ocr_line' id='line_1_16' title="bbox 308 2360 1328 2430; baseline -0.002 -13"><span class='ocrx_word' id='word_1_119' title='bbox 308 2365 386 2418; x_wconf 82' lang='lat' dir='ltr'><strong>hebet</strong></span> <span class='ocrx_word' id='word_1_120' title='bbox 402 2363 468 2414; x_wconf 91' lang='lat' dir='ltr'><strong>liber</strong></span> <span class='ocrx_word' id='word_1_121' title='bbox 480 2361 641 2430; x_wconf 72' lang='lat' dir='ltr'>Augustanus</span> <span class='ocrx_word' id='word_1_122' title='bbox 654 2367 680 2410; x_wconf 90' lang='lat' dir='ltr'><strong>et</strong></span> <span class='ocrx_word' id='word_1_123' title='bbox 692 2361 795 2410; x_wconf 88' lang='lat' dir='ltr'><strong>omnino</strong></span> <span class='ocrx_word' id='word_1_124' title='bbox 808 2361 933 2426; x_wconf 79' lang='lat' dir='ltr'><strong>pessimae</strong></span> <span class='ocrx_word' id='word_1_125' title='bbox 947 2369 984 2411; x_wconf 89' lang='lat' dir='ltr'><strong>est</strong></span> <span class='ocrx_word' id='word_1_126' title='bbox 997 2369 1084 2424; x_wconf 79' lang='lat' dir='ltr'><strong>uotae,</strong></span> <span class='ocrx_word' id='word_1_127' title='bbox 1102 2360 1190 2412; x_wconf 78' lang='lat' dir='ltr'><strong>scribit</strong></span> <span class='ocrx_word' id='word_1_128' title='bbox 1203 2365 1328 2415; x_wconf 76' lang='lat' dir='ltr'><strong>unanimi</strong></span> 
     </span>
     <span class='ocr_line' id='line_1_17' title="bbox 309 2447 1326 2534; baseline -0.007 -28"><span class='ocrx_word' id='word_1_129' title='bbox 309 2455 492 2522; x_wconf 73' lang='lat' dir='ltr'><strong>consessione,</strong></span> <span class='ocrx_word' id='word_1_130' title='bbox 521 2449 616 2517; x_wconf 79' lang='lat' dir='ltr'><strong>relique</strong></span> <span class='ocrx_word' id='word_1_131' title='bbox 641 2450 766 2498; x_wconf 83' lang='lat' dir='ltr'><strong>omittens.</strong></span> <span class='ocrx_word' id='word_1_132' title='bbox 804 2451 907 2501; x_wconf 80' lang='lat' dir='ltr'><strong>Cirr-isti</strong></span> <span class='ocrx_word' id='word_1_133' title='bbox 930 2447 1002 2500; x_wconf 83' lang='lat' dir='ltr'><strong>deest</strong></span> <span class='ocrx_word' id='word_1_134' title='bbox 1028 2449 1053 2498; x_wconf 88' lang='lat' dir='ltr'><strong>in</strong></span> <span class='ocrx_word' id='word_1_135' title='bbox 1072 2447 1131 2498; x_wconf 89' lang='lat' dir='ltr'><strong>Ver.</strong></span> <span class='ocrx_word' id='word_1_136' title='bbox 1150 2447 1229 2534; x_wconf 83' lang='lat' dir='ltr'><strong>Neup.</strong></span> <span class='ocrx_word' id='word_1_137' title='bbox 1254 2456 1280 2499; x_wconf 90' lang='lat' dir='ltr'><strong>et</strong></span> <span class='ocrx_word' id='word_1_138' title='bbox 1300 2451 1326 2500; x_wconf 91' lang='lat' dir='ltr'><strong>iu</strong></span> 
     </span>
    </p>
   </div>
   <div class='ocr_carea' id='block_1_7' title="bbox 276 2538 1341 4122">
    <p class='ocr_par' dir='ltr' id='par_1_7' title="bbox 307 2538 1328 3153">
     <span class='ocr_line' id='line_1_18' title="bbox 308 2538 1326 2625; baseline -0.004 -16"><span class='ocrx_word' id='word_1_139' title='bbox 308 2557 492 2625; x_wconf 83' lang='lat' dir='ltr'><strong>exemptsribus</strong></span> <span class='ocrx_word' id='word_1_140' title='bbox 509 2565 569 2606; x_wconf 80' lang='lat' dir='ltr'><strong>ente</strong></span> <span class='ocrx_word' id='word_1_141' title='bbox 582 2553 749 2604; x_wconf 82' lang='lat' dir='ltr'><strong>bienutiunum</strong></span> <span class='ocrx_word' id='word_1_142' title='bbox 768 2552 850 2604; x_wconf 90' lang='lat' dir='ltr'><strong>editis.</strong></span> <span class='ocrx_word' id='word_1_143' title='bbox 880 2551 929 2604; x_wconf 93' lang='lat' dir='ltr'><strong>Pro</strong></span> <span class='ocrx_word' id='word_1_144' title='bbox 948 2571 1002 2605; x_wconf 78' lang='lat' dir='ltr'><strong>unc</strong></span> <span class='ocrx_word' id='word_1_145' title='bbox 1018 2553 1044 2602; x_wconf 91' lang='lat' dir='ltr'><strong>in</strong></span> <span class='ocrx_word' id='word_1_146' title='bbox 1058 2551 1096 2603; x_wconf 88' lang='lat' dir='ltr'><strong>Bb</strong></span> <span class='ocrx_word' id='word_1_147' title='bbox 1113 2561 1153 2603; x_wconf 89' lang='lat' dir='ltr'><strong>est</strong></span> <span class='ocrx_word' id='word_1_148' title='bbox 1166 2538 1228 2606; x_wconf 71' lang='lat' dir='ltr'><strong>unii.</strong></span> <span class='ocrx_word' id='word_1_149' title='bbox 1258 2552 1326 2605; x_wconf 87' lang='lat' dir='ltr'><strong>Dein</strong></span> 
     </span>
     <span class='ocr_line' id='line_1_19' title="bbox 307 2640 1325 2710; baseline -0.004 -12"><span class='ocrx_word' id='word_1_150' title='bbox 307 2655 500 2698; x_wconf 75' lang='lat' dir='ltr'><strong>monstraretur·</strong></span> <span class='ocrx_word' id='word_1_151' title='bbox 517 2643 561 2694; x_wconf 81' lang='lat' dir='ltr'><strong>dat</strong></span> <span class='ocrx_word' id='word_1_152' title='bbox 578 2640 623 2692; x_wconf 81' lang='lat' dir='ltr'><strong>Bru.</strong></span> <span class='ocrx_word' id='word_1_153' title='bbox 678 2640 724 2707; x_wconf 86' lang='grc'><strong>19)</strong></span> <span class='ocrx_word' id='word_1_154' title='bbox 748 2646 833 2707; x_wconf 80' lang='lat' dir='ltr'><strong>Quom</strong></span> <span class='ocrx_word' id='word_1_155' title='bbox 857 2659 939 2694; x_wconf 76' lang='lat' dir='ltr'><strong>unm</strong></span> <span class='ocrx_word' id='word_1_156' title='bbox 961 2657 998 2692; x_wconf 79' lang='lat' dir='ltr'><strong>eo:</strong></span> <span class='ocrx_word' id='word_1_157' title='bbox 1020 2657 1139 2710; x_wconf 73' lang='lat' dir='ltr'><strong>persona</strong></span> <span class='ocrx_word' id='word_1_158' title='bbox 1157 2643 1259 2693; x_wconf 73' lang='lat' dir='ltr'><strong>domini</strong></span> <span class='ocrx_word' id='word_1_159' title='bbox 1275 2645 1325 2694; x_wconf 80' lang='lat' dir='ltr'><strong>de-</strong></span> 
     </span>
     <span class='ocr_line' id='line_1_20' title="bbox 307 2728 1326 2801; baseline -0.005 -15"><span class='ocrx_word' id='word_1_160' title='bbox 307 2737 397 2801; x_wconf 73' lang='lat' dir='ltr'><strong>sipnut</strong></span> <span class='ocrx_word' id='word_1_161' title='bbox 421 2731 523 2784; x_wconf 83' lang='lat' dir='ltr'><strong>exbibet</strong></span> <span class='ocrx_word' id='word_1_162' title='bbox 546 2728 593 2781; x_wconf 88' lang='lat' dir='ltr'><strong>Bb.</strong></span> <span class='ocrx_word' id='word_1_163' title='bbox 629 2729 703 2792; x_wconf 79' lang='lat' dir='ltr'><strong>Quod</strong></span> <span class='ocrx_word' id='word_1_164' title='bbox 727 2731 842 2796; x_wconf 89' lang='lat' dir='ltr'><strong>sequitur</strong></span> <span class='ocrx_word' id='word_1_165' title='bbox 866 2739 890 2781; x_wconf 82' lang='lat' dir='ltr'><strong>et</strong></span> <span class='ocrx_word' id='word_1_166' title='bbox 914 2729 946 2780; x_wconf 83' lang='lat' dir='ltr'><strong>ut.</strong></span> <span class='ocrx_word' id='word_1_167' title='bbox 971 2745 1003 2780; x_wconf 89' lang='lat' dir='ltr'><strong>m.</strong></span> <span class='ocrx_word' id='word_1_168' title='bbox 1030 2730 1208 2794; x_wconf 78' lang='lat' dir='ltr'><strong>superscripsit</strong></span> <span class='ocrx_word' id='word_1_169' title='bbox 1233 2732 1258 2778; x_wconf 89' lang='lat' dir='ltr'><strong>in</strong></span> <span class='ocrx_word' id='word_1_170' title='bbox 1276 2729 1326 2781; x_wconf 76' lang='lat' dir='ltr'><strong>stc.</strong></span> 
     </span>
     <span class='ocr_line' id='line_1_21' title="bbox 308 2813 1328 2887; baseline 0.002 -19"><span class='ocrx_word' id='word_1_171' title='bbox 308 2819 355 2887; x_wconf 84' lang='grc'><strong>20)</strong></span> <span class='ocrx_word' id='word_1_172' title='bbox 375 2818 446 2870; x_wconf 82' lang='lat' dir='ltr'><strong>Cant.</strong></span> <span class='ocrx_word' id='word_1_173' title='bbox 466 2819 492 2881; x_wconf 88' lang='grc'><strong>6,</strong></span> <span class='ocrx_word' id='word_1_174' title='bbox 511 2816 535 2869; x_wconf 82' lang='grc'><strong>9.</strong></span> <span class='ocrx_word' id='word_1_175' title='bbox 590 2815 636 2880; x_wconf 84' lang='grc'><strong>21)</strong></span> <span class='ocrx_word' id='word_1_176' title='bbox 654 2819 750 2868; x_wconf 80' lang='lat' dir='ltr'><strong>matris</strong></span> <span class='ocrx_word' id='word_1_177' title='bbox 771 2813 817 2865; x_wconf 90' lang='lat' dir='ltr'><strong>Bb.</strong></span> <span class='ocrx_word' id='word_1_178' title='bbox 853 2814 920 2866; x_wconf 89' lang='lat' dir='ltr'><strong>Dein</strong></span> <span class='ocrx_word' id='word_1_179' title='bbox 938 2817 1020 2867; x_wconf 81' lang='lat' dir='ltr'><strong>eleeto</strong></span> <span class='ocrx_word' id='word_1_180' title='bbox 1038 2825 1079 2867; x_wconf 74' lang='lat' dir='ltr'><strong>cst</strong></span> <span class='ocrx_word' id='word_1_181' title='bbox 1097 2815 1154 2879; x_wconf 85' lang='lat' dir='ltr'><strong>bib,</strong></span> <span class='ocrx_word' id='word_1_182' title='bbox 1180 2820 1261 2869; x_wconf 76' lang='lat' dir='ltr'><strong>eiecta</strong></span> <span class='ocrx_word' id='word_1_183' title='bbox 1285 2827 1328 2870; x_wconf 72' lang='lat' dir='ltr'><strong>est</strong></span> 
     </span>
     <span class='ocr_line' id='line_1_22' title="bbox 308 2901 1325 2972; baseline -0.006 -12"><span class='ocrx_word' id='word_1_184' title='bbox 308 2917 332 2960; x_wconf 85' lang='lat' dir='ltr'><strong>et</strong></span> <span class='ocrx_word' id='word_1_185' title='bbox 350 2907 401 2971; x_wconf 75' lang='lat' dir='ltr'><strong>ua,</strong></span> <span class='ocrx_word' id='word_1_186' title='bbox 429 2909 507 2959; x_wconf 75' lang='lat' dir='ltr'><strong>electo</strong></span> <span class='ocrx_word' id='word_1_187' title='bbox 526 2905 590 2972; x_wconf 84' lang='lat' dir='ltr'><strong>(sic)</strong></span> <span class='ocrx_word' id='word_1_188' title='bbox 608 2902 657 2956; x_wconf 83' lang='lat' dir='ltr'><strong>bid.</strong></span> <span class='ocrx_word' id='word_1_189' title='bbox 694 2901 743 2954; x_wconf 87' lang='lat' dir='ltr'><strong>Pro</strong></span> <span class='ocrx_word' id='word_1_190' title='bbox 762 2903 829 2970; x_wconf 76' lang='lat' dir='ltr'><strong>iulg.</strong></span> <span class='ocrx_word' id='word_1_191' title='bbox 849 2905 973 2972; x_wconf 72' lang='lat' dir='ltr'><strong>punitrici</strong></span> <span class='ocrx_word' id='word_1_192' title='bbox 991 2910 1122 2968; x_wconf 89' lang='lat' dir='ltr'><strong>receptum</strong></span> <span class='ocrx_word' id='word_1_193' title='bbox 1141 2907 1268 2972; x_wconf 70' lang='lat' dir='ltr'><strong>quercu-toi</strong></span> <span class='ocrx_word' id='word_1_194' title='bbox 1293 2919 1325 2955; x_wconf 81' lang='lat' dir='ltr'><strong>ex</strong></span> 
     </span>
     <span class='ocr_line' id='line_1_23' title="bbox 307 2989 1324 3062; baseline 0 -18"><span class='ocrx_word' id='word_1_195' title='bbox 307 2993 340 3044; x_wconf 86' lang='lat' dir='ltr'>W</span> <span class='ocrx_word' id='word_1_196' title='bbox 358 3005 383 3046; x_wconf 88' lang='lat' dir='ltr'><strong>et</strong></span> <span class='ocrx_word' id='word_1_197' title='bbox 402 2993 470 3058; x_wconf 81' lang='lat' dir='ltr'><strong>trau,</strong></span> <span class='ocrx_word' id='word_1_198' title='bbox 489 2992 638 3062; x_wconf 83' lang='lat' dir='ltr'>quibuscum</span> <span class='ocrx_word' id='word_1_199' title='bbox 658 2993 787 3058; x_wconf 83' lang='lat' dir='ltr'><strong>conspirat</strong></span> <span class='ocrx_word' id='word_1_200' title='bbox 805 2990 845 3042; x_wconf 89' lang='lat' dir='ltr'><strong>ed.</strong></span> <span class='ocrx_word' id='word_1_201' title='bbox 863 2989 1000 3052; x_wconf 77' lang='lat' dir='ltr'><strong>Deventr.;</strong></span> <span class='ocrx_word' id='word_1_202' title='bbox 1019 2993 1157 3059; x_wconf 69' lang='lat' dir='ltr'><strong>penite-icis</strong></span> <span class='ocrx_word' id='word_1_203' title='bbox 1173 2991 1261 3042; x_wconf 86' lang='lat' dir='ltr'><strong>scribit</strong></span> <span class='ocrx_word' id='word_1_204' title='bbox 1278 2990 1324 3056; x_wconf 82' lang='lat' dir='ltr'><strong>Bu,</strong></span> 
     </span>
     <span class='ocr_line' id='line_1_24' title="bbox 307 3080 591 3153; baseline -0.014 -18"><span class='ocrx_word' id='word_1_205' title='bbox 307 3086 419 3153; x_wconf 75' lang='lat' dir='ltr'><strong>penitris</strong></span> <span class='ocrx_word' id='word_1_206' title='bbox 438 3081 526 3133; x_wconf 85' lang='lat' dir='ltr'><strong>mutite</strong></span> <span class='ocrx_word' id='word_1_207' title='bbox 545 3080 591 3132; x_wconf 88' lang='lat' dir='ltr'><strong>Bb.</strong></span> 
     </span>
    </p>

    <p class='ocr_par' dir='ltr' id='par_1_8' title="bbox 307 3171 1341 3421">
     <span class='ocr_line' id='line_1_25' title="bbox 379 3171 1325 3244; baseline 0 -17"><span class='ocrx_word' id='word_1_208' title='bbox 379 3176 418 3230; x_wconf 85' lang='lat' dir='ltr'><strong>IV.</strong></span> <span class='ocrx_word' id='word_1_209' title='bbox 440 3177 468 3244; x_wconf 90' lang='grc'><strong>1)</strong></span> <span class='ocrx_word' id='word_1_210' title='bbox 488 3179 560 3230; x_wconf 79' lang='lat' dir='ltr'><strong>Petri</strong></span> <span class='ocrx_word' id='word_1_211' title='bbox 571 3178 696 3228; x_wconf 75' lang='lat' dir='ltr'><strong>sonitatum</strong></span> <span class='ocrx_word' id='word_1_212' title='bbox 708 3175 769 3224; x_wconf 86' lang='lat' dir='ltr'><strong>dunt</strong></span> <span class='ocrx_word' id='word_1_213' title='bbox 780 3187 845 3222; x_wconf 85' lang='lat' dir='ltr'><strong>unus</strong></span> <span class='ocrx_word' id='word_1_214' title='bbox 857 3172 923 3224; x_wconf 86' lang='lat' dir='ltr'><strong>tiber</strong></span> <span class='ocrx_word' id='word_1_215' title='bbox 934 3171 999 3238; x_wconf 72' lang='lat' dir='ltr'><strong>tuat,</strong></span> <span class='ocrx_word' id='word_1_216' title='bbox 1019 3172 1081 3224; x_wconf 81' lang='lat' dir='ltr'><strong>Aet</strong></span> <span class='ocrx_word' id='word_1_217' title='bbox 1099 3173 1157 3226; x_wconf 82' lang='lat' dir='ltr'><strong>tvo</strong></span> <span class='ocrx_word' id='word_1_218' title='bbox 1176 3175 1278 3227; x_wconf 85' lang='lat' dir='ltr'><strong>Decrct.</strong></span> <span class='ocrx_word' id='word_1_219' title='bbox 1292 3177 1325 3229; x_wconf 84' lang='lat' dir='ltr'><strong>de</strong></span> 
     </span>
     <span class='ocr_line' id='line_1_26' title="bbox 307 3260 1323 3332; baseline -0.005 -13"><span class='ocrx_word' id='word_1_220' title='bbox 307 3266 451 3322; x_wconf 73' lang='lat' dir='ltr'><strong>sublimitat.</strong></span> <span class='ocrx_word' id='word_1_221' title='bbox 477 3266 590 3332; x_wconf 90' lang='lat' dir='ltr'><strong>episcop.</strong></span> <span class='ocrx_word' id='word_1_222' title='bbox 616 3263 642 3314; x_wconf 90' lang='lat' dir='ltr'><strong>P.</strong></span> <span class='ocrx_word' id='word_1_223' title='bbox 663 3263 692 3313; x_wconf 86' lang='lat' dir='ltr'><strong>V.</strong></span> <span class='ocrx_word' id='word_1_224' title='bbox 717 3279 739 3312; x_wconf 88' lang='lat' dir='ltr'><strong>c.</strong></span> <span class='ocrx_word' id='word_1_225' title='bbox 759 3261 818 3312; x_wconf 86' lang='grc'><strong>361.</strong></span> <span class='ocrx_word' id='word_1_226' title='bbox 872 3261 901 3327; x_wconf 85' lang='grc'><strong>2)</strong></span> <span class='ocrx_word' id='word_1_227' title='bbox 927 3260 1025 3313; x_wconf 83' lang='lat' dir='ltr'><strong>Desunt</strong></span> <span class='ocrx_word' id='word_1_228' title='bbox 1050 3262 1115 3314; x_wconf 79' lang='lat' dir='ltr'><strong>buce</strong></span> <span class='ocrx_word' id='word_1_229' title='bbox 1139 3263 1218 3315; x_wconf 84' lang='lat' dir='ltr'><strong>verbu</strong></span> <span class='ocrx_word' id='word_1_230' title='bbox 1245 3265 1269 3314; x_wconf 88' lang='lat' dir='ltr'><strong>iu</strong></span> <span class='ocrx_word' id='word_1_231' title='bbox 1292 3263 1323 3314; x_wconf 84' lang='grc' dir='ltr'><strong>Α.</strong></span> 
     </span>
     <span class='ocr_line' id='line_1_27' title="bbox 308 3343 1341 3421; baseline -0.002 -15"><span class='ocrx_word' id='word_1_232' title='bbox 308 3357 380 3421; x_wconf 74' lang='lat' dir='ltr'><strong>Quae</strong></span> <span class='ocrx_word' id='word_1_233' title='bbox 405 3353 526 3420; x_wconf 84' lang='lat' dir='ltr'><strong>deinceps</strong></span> <span class='ocrx_word' id='word_1_234' title='bbox 554 3369 569 3403; x_wconf 88' lang='lat' dir='ltr'><strong>e</strong></span> <span class='ocrx_word' id='word_1_235' title='bbox 595 3351 652 3402; x_wconf 90' lang='lat' dir='ltr'><strong>cod.</strong></span> <span class='ocrx_word' id='word_1_236' title='bbox 679 3349 778 3401; x_wconf 83' lang='lat' dir='ltr'><strong>Cumbr.</strong></span> <span class='ocrx_word' id='word_1_237' title='bbox 803 3348 928 3400; x_wconf 78' lang='lat' dir='ltr'><strong>Pometios</strong></span> <span class='ocrx_word' id='word_1_238' title='bbox 955 3352 1075 3401; x_wconf 86' lang='lat' dir='ltr'><strong>inseruit:</strong></span> <span class='ocrx_word' id='word_1_239' title='bbox 1104 3355 1149 3420; x_wconf 78' lang='lat' dir='ltr'><strong>qui</strong></span> <span class='ocrx_word' id='word_1_240' title='bbox 1176 3343 1341 3404; x_wconf 76' lang='lat' dir='ltr'><strong>cathedrum&#39;</strong></span> 
     </span>
    </p>

    <p class='ocr_par' dir='ltr' id='par_1_9' title="bbox 276 3431 1327 4122">
     <span class='ocr_line' id='line_1_28' title="bbox 276 3431 1327 3511; baseline -0.004 -17"><span class='ocrx_word' id='word_1_241' title='bbox 276 3431 278 3436; x_wconf 40' lang='lat'><strong><em>¹</em></strong></span> <span class='ocrx_word' id='word_1_242' title='bbox 307 3447 390 3507; x_wconf 82' lang='lat' dir='ltr'><strong>Petri,</strong></span> <span class='ocrx_word' id='word_1_243' title='bbox 409 3460 492 3511; x_wconf 82' lang='lat' dir='ltr'><strong>super</strong></span> <span class='ocrx_word' id='word_1_244' title='bbox 510 3459 587 3510; x_wconf 72' lang='lat' dir='ltr'><strong>qurum</strong></span> <span class='ocrx_word' id='word_1_245' title='bbox 605 3441 651 3504; x_wconf 82' lang='lat' dir='ltr'><strong>(ite</strong></span> <span class='ocrx_word' id='word_1_246' title='bbox 670 3438 789 3489; x_wconf 83' lang='lat' dir='ltr'><strong>exhibent</strong></span> <span class='ocrx_word' id='word_1_247' title='bbox 806 3439 918 3488; x_wconf 75' lang='lat' dir='ltr'><strong>etiamn</strong></span> <span class='ocrx_word' id='word_1_248' title='bbox 937 3446 963 3489; x_wconf 89' lang='lat' dir='ltr'><strong>et</strong></span> <span class='ocrx_word' id='word_1_249' title='bbox 981 3447 1100 3506; x_wconf 76' lang='lat' dir='ltr'><strong>quattuor</strong></span> <span class='ocrx_word' id='word_1_250' title='bbox 1118 3440 1212 3489; x_wconf 86' lang='lat' dir='ltr'><strong>vetusti</strong></span> <span class='ocrx_word' id='word_1_251' title='bbox 1225 3437 1327 3507; x_wconf 61' lang='lat' dir='ltr'><strong>Angtic?</strong></span> 
     </span>
     <span class='ocr_line' id='line_1_29' title="bbox 308 3523 1324 3597; baseline -0.004 -15"><span class='ocrx_word' id='word_1_252' title='bbox 308 3547 330 3583; x_wconf 89' lang='lat' dir='ltr'><strong>c.</strong></span> <span class='ocrx_word' id='word_1_253' title='bbox 349 3529 389 3582; x_wconf 88' lang='lat' dir='ltr'><strong>ed.</strong></span> <span class='ocrx_word' id='word_1_254' title='bbox 407 3528 506 3597; x_wconf 65' lang='lat' dir='ltr'><strong>urgete,</strong></span> <span class='ocrx_word' id='word_1_255' title='bbox 526 3545 599 3597; x_wconf 79' lang='lat' dir='ltr'><strong>quem</strong></span> <span class='ocrx_word' id='word_1_256' title='bbox 617 3525 704 3576; x_wconf 84' lang='lat' dir='ltr'><strong>Buluz.</strong></span> <span class='ocrx_word' id='word_1_257' title='bbox 723 3533 749 3574; x_wconf 88' lang='lat' dir='ltr'><strong>et</strong></span> <span class='ocrx_word' id='word_1_258' title='bbox 769 3523 873 3587; x_wconf 85' lang='lat' dir='ltr'><strong>Gotdh.)</strong></span> <span class='ocrx_word' id='word_1_259' title='bbox 892 3528 1003 3593; x_wconf 66' lang='lat' dir='ltr'><strong>[undae</strong></span> <span class='ocrx_word' id='word_1_260' title='bbox 1021 3534 1061 3577; x_wconf 82' lang='lat' dir='ltr'><strong>est</strong></span> <span class='ocrx_word' id='word_1_261' title='bbox 1078 3527 1199 3589; x_wconf 75' lang='lat' dir='ltr'><strong>ecclesio,</strong></span> <span class='ocrx_word' id='word_1_262' title='bbox 1219 3529 1324 3590; x_wconf 77' lang='lat' dir='ltr'><strong>deserit,</strong></span> 
     </span>
     <span class='ocr_line' id='line_1_30' title="bbox 307 3610 1323 3680; baseline -0.006 -11"><span class='ocrx_word' id='word_1_263' title='bbox 307 3634 358 3669; x_wconf 89' lang='lat' dir='ltr'><strong>orn.</strong></span> <span class='ocrx_word' id='word_1_264' title='bbox 377 3618 453 3669; x_wconf 86' lang='lat' dir='ltr'><strong>codd.</strong></span> <span class='ocrx_word' id='word_1_265' title='bbox 471 3615 512 3667; x_wconf 91' lang='lat' dir='ltr'><strong>W.</strong></span> <span class='ocrx_word' id='word_1_266' title='bbox 532 3615 645 3666; x_wconf 84' lang='lat' dir='ltr'><strong>Monucc.</strong></span> <span class='ocrx_word' id='word_1_267' title='bbox 665 3621 690 3664; x_wconf 91' lang='lat' dir='ltr'><strong>et</strong></span> <span class='ocrx_word' id='word_1_268' title='bbox 708 3613 770 3675; x_wconf 77' lang='lat' dir='ltr'><strong>Bab,</strong></span> <span class='ocrx_word' id='word_1_269' title='bbox 795 3610 883 3663; x_wconf 80' lang='lat' dir='ltr'><strong>Gotdb.</strong></span> <span class='ocrx_word' id='word_1_270' title='bbox 903 3613 1017 3677; x_wconf 82' lang='lat' dir='ltr'><strong>seclusit,</strong></span> <span class='ocrx_word' id='word_1_271' title='bbox 1036 3629 1085 3680; x_wconf 76' lang='lat' dir='ltr'><strong>ego</strong></span> <span class='ocrx_word' id='word_1_272' title='bbox 1105 3615 1222 3679; x_wconf 83' lang='lat' dir='ltr'><strong>expunxi.</strong></span> <span class='ocrx_word' id='word_1_273' title='bbox 1259 3613 1323 3664; x_wconf 82' lang='lat' dir='ltr'><strong>Dein</strong></span> 
     </span>
     <span class='ocr_line' id='line_1_31' title="bbox 308 3699 1324 3772; baseline -0.006 -16"><span class='ocrx_word' id='word_1_274' title='bbox 308 3707 419 3772; x_wconf 74' lang='lat' dir='ltr'><strong>confidit.</strong></span> <span class='ocrx_word' id='word_1_275' title='bbox 457 3707 637 3772; x_wconf 74' lang='lat' dir='ltr'><strong>Episcopatus</strong></span> <span class='ocrx_word' id='word_1_276' title='bbox 663 3717 737 3753; x_wconf 75' lang='lat' dir='ltr'><strong>unius</strong></span> <span class='ocrx_word' id='word_1_277' title='bbox 763 3709 804 3751; x_wconf 84' lang='lat' dir='ltr'><strong>est</strong></span> <span class='ocrx_word' id='word_1_278' title='bbox 829 3699 984 3750; x_wconf 85' lang='lat' dir='ltr'><strong>intermediis</strong></span> <span class='ocrx_word' id='word_1_279' title='bbox 1012 3701 1111 3750; x_wconf 86' lang='lat' dir='ltr'><strong>omissis</strong></span> <span class='ocrx_word' id='word_1_280' title='bbox 1136 3701 1167 3751; x_wconf 81' lang='grc' dir='ltr'><strong>Α.</strong></span> <span class='ocrx_word' id='word_1_281' title='bbox 1207 3700 1324 3750; x_wconf 80' lang='lat' dir='ltr'><strong>Proximo</strong></span> 
     </span>
     <span class='ocr_line' id='line_1_32' title="bbox 306 3787 1325 3858; baseline -0.003 -15"><span class='ocrx_word' id='word_1_282' title='bbox 306 3794 398 3844; x_wconf 74' lang='lat' dir='ltr'><strong>beatus</strong></span> <span class='ocrx_word' id='word_1_283' title='bbox 413 3794 518 3843; x_wconf 77' lang='lat' dir='ltr'><strong>Pontus</strong></span> <span class='ocrx_word' id='word_1_284' title='bbox 536 3791 673 3858; x_wconf 69' lang='lat' dir='ltr'><strong>apostotus</strong></span> <span class='ocrx_word' id='word_1_285' title='bbox 692 3788 750 3839; x_wconf 94' lang='lat' dir='ltr'><strong>edd.</strong></span> <span class='ocrx_word' id='word_1_286' title='bbox 764 3787 932 3838; x_wconf 83' lang='lat' dir='ltr'><strong>btunutianurn</strong></span> <span class='ocrx_word' id='word_1_287' title='bbox 950 3788 1141 3840; x_wconf 77' lang='lat' dir='ltr'><strong>antecedentes.</strong></span> <span class='ocrx_word' id='word_1_288' title='bbox 1177 3787 1239 3838; x_wconf 85' lang='lat' dir='ltr'><strong>Turn</strong></span> <span class='ocrx_word' id='word_1_289' title='bbox 1257 3792 1325 3840; x_wconf 84' lang='lat' dir='ltr'><strong>idem</strong></span> 
     </span>
     <span class='ocr_line' id='line_1_33' title="bbox 307 3873 1324 3944; baseline 0.001 -16"><span class='ocrx_word' id='word_1_290' title='bbox 307 3893 356 3929; x_wconf 85' lang='lat' dir='ltr'><strong>om.</strong></span> <span class='ocrx_word' id='word_1_291' title='bbox 376 3876 552 3929; x_wconf 78' lang='lat' dir='ltr'><strong>edlinventr.</strong></span> <span class='ocrx_word' id='word_1_292' title='bbox 588 3876 734 3944; x_wconf 69' lang='lat' dir='ltr'><strong>stantiae</strong></span> <span class='ocrx_word' id='word_1_293' title='bbox 754 3875 801 3927; x_wconf 82' lang='lat' dir='ltr'><strong>ute.</strong></span> <span class='ocrx_word' id='word_1_294' title='bbox 837 3875 865 3939; x_wconf 82' lang='grc'><strong>4)</strong></span> <span class='ocrx_word' id='word_1_295' title='bbox 886 3874 979 3942; x_wconf 84' lang='lat' dir='ltr'><strong>Ephes.</strong></span> <span class='ocrx_word' id='word_1_296' title='bbox 994 3874 1109 3938; x_wconf 81' lang='grc'><strong>1,1-6.</strong></span> <span class='ocrx_word' id='word_1_297' title='bbox 1145 3873 1234 3925; x_wconf 80' lang='lat' dir='ltr'><strong>Statim</strong></span> <span class='ocrx_word' id='word_1_298' title='bbox 1251 3893 1324 3929; x_wconf 73' lang='lat' dir='ltr'><strong>uiuus</strong></span> 
     </span>
     <span class='ocr_line' id='line_1_34' title="bbox 306 3945 1323 4032; baseline -0.003 -14"><span class='ocrx_word' id='word_1_299' title='bbox 306 3968 431 4018; x_wconf 83' lang='lat' dir='ltr'><strong>domiuus</strong></span> <span class='ocrx_word' id='word_1_300' title='bbox 451 3971 499 4014; x_wconf 85' lang='lat' dir='ltr'><strong>etc.</strong></span> <span class='ocrx_word' id='word_1_301' title='bbox 519 3961 565 4015; x_wconf 90' lang='lat' dir='ltr'><strong>Bb.</strong></span> <span class='ocrx_word' id='word_1_302' title='bbox 601 3963 659 4015; x_wconf 78' lang='lat' dir='ltr'><strong>nox</strong></span> <span class='ocrx_word' id='word_1_303' title='bbox 684 3973 709 4017; x_wconf 85' lang='lat' dir='ltr'><strong>et</strong></span> <span class='ocrx_word' id='word_1_304' title='bbox 731 3981 803 4017; x_wconf 73' lang='lat' dir='ltr'><strong>unus</strong></span> <span class='ocrx_word' id='word_1_305' title='bbox 817 3945 892 4016; x_wconf 48' lang='lat' dir='ltr'><strong>⁵deur</strong></span> <span class='ocrx_word' id='word_1_306' title='bbox 910 3961 954 4014; x_wconf 80' lang='lat' dir='ltr'><strong>Be.</strong></span> <span class='ocrx_word' id='word_1_307' title='bbox 1009 3964 1038 4026; x_wconf 86' lang='grc'><strong>5)</strong></span> <span class='ocrx_word' id='word_1_308' title='bbox 1062 3967 1186 4016; x_wconf 77' lang='lat' dir='ltr'><strong>uenerari</strong></span> <span class='ocrx_word' id='word_1_309' title='bbox 1208 3964 1248 4030; x_wconf 80' lang='lat' dir='ltr'><strong>(in</strong></span> <span class='ocrx_word' id='word_1_310' title='bbox 1272 3979 1323 4032; x_wconf 82' lang='lat' dir='ltr'><strong>mg.</strong></span> 
     </span>
     <span class='ocr_line' id='line_1_35' title="bbox 307 4046 1325 4122; baseline -0.002 -16"><span class='ocrx_word' id='word_1_311' title='bbox 307 4052 403 4120; x_wconf 78' lang='lat' dir='ltr'><strong>terrore)</strong></span> <span class='ocrx_word' id='word_1_312' title='bbox 421 4054 531 4119; x_wconf 71' lang='lat' dir='ltr'><strong>tirmiter</strong></span> <span class='ocrx_word' id='word_1_313' title='bbox 549 4049 599 4116; x_wconf 84' lang='lat' dir='ltr'><strong>bic,</strong></span> <span class='ocrx_word' id='word_1_314' title='bbox 621 4060 708 4105; x_wconf 82' lang='lat' dir='ltr'><strong>tenore</strong></span> <span class='ocrx_word' id='word_1_315' title='bbox 725 4053 837 4122; x_wconf 66' lang='lat' dir='ltr'><strong>tirrnitor</strong></span> <span class='ocrx_word' id='word_1_316' title='bbox 855 4048 895 4101; x_wconf 86' lang='lat' dir='ltr'><strong>W.</strong></span> <span class='ocrx_word' id='word_1_317' title='bbox 915 4047 990 4101; x_wconf 83' lang='lat' dir='ltr'><strong>bisbd</strong></span> <span class='ocrx_word' id='word_1_318' title='bbox 1008 4056 1035 4100; x_wconf 89' lang='lat' dir='ltr'><strong>et</strong></span> <span class='ocrx_word' id='word_1_319' title='bbox 1051 4046 1098 4102; x_wconf 72' lang='lat' dir='ltr'><strong>Bt).</strong></span> <span class='ocrx_word' id='word_1_320' title='bbox 1117 4049 1188 4120; x_wconf 81' lang='lat' dir='ltr'><strong>Vutg.</strong></span> <span class='ocrx_word' id='word_1_321' title='bbox 1212 4055 1325 4122; x_wconf 69' lang='lat' dir='ltr'><strong>fiivnitor</strong></span> 
     </span>
    </p>
   </div>
   <div class='ocr_carea' id='block_1_8' title="bbox 0 0 1458 4802">
    <p class='ocr_par' dir='ltr' id='par_1_10' title="bbox 0 0 1458 4802">
     <span class='ocr_line' id='line_1_36' title="bbox 0 0 1458 4802; baseline 0 0"><span class='ocrx_word' id='word_1_322' title='bbox 0 0 1458 4802; x_wconf 95' lang='lat' dir='ltr'><strong> </strong></span> 
     </span>
    </p>
   </div>
  </div>
 </body>
</html>
