2874 4806
613 459 656 524 99

126 622 156 679 et
178 617 273 680 anima
296 621 490 682 exaestuante
513 615 651 682 concludi
669 617 858 700 postmodnm
875 619 981 702 coepit,
1004 626 1034 682 et
1048 635 1139 702 pres·

124 748 224 794 suram
246 749 307 795 non
330 733 386 796 inm
408 732 643 815 persecutionis,
674 733 730 794 sed
761 732 859 796 delicti
888 734 934 796 sui
963 751 1049 813 passo
1071 733 1139 814 pal·

122 845 220 928 pitens
245 851 275 908 et
297 851 430 909 tremens
453 845 590 910 concidit.
635 843 874 926 liparitanum
895 863 955 909 non
983 844 1052 923 fuit,
1083 864 1139 908 nec

124 960 273 1024 occultum
296 957 496 1022 dissimulatae
519 953 761 1036 eonscientiae³)
784 957 904 1020 crimen.
943 956 1025 1030 Ouae
1048 956 1140 1020 telel-

96 1071 201 1134 olerat
223 1071 371 1135 hominem
394 1069 481 1134 deum
503 1065 639 1144 senciot)
661 1069 798 1133 ultorem.
851 1067 888 1130 Et
910 1085 976 1130 cum
993 1067 1019 1147 ⁵)
1043 1089 1139 1150 quae-

122 1185 190 1250 dam
212 1203 311 1249 orcam
338 1203 440 1266 suem,
471 1187 502 1250 in
531 1203 589 1267 qua
619 1185 729 1248 domini
751 1192 884 1264 sanctum
908 1183 977 1264 luit,
1006 1189 1139 1250 manibus

120 1298 253 1383 indignis
276 1303 449 1380 temptasset
469 1299 604 1380 aperire,
635 1298 707 1381 igne
736 1298 805 1362 inde
832 1303 975 1380 surgente
998 1301 1140 1364 deterrito

120 1419 178 1492 est,
202 1431 241 1476 ne
264 1389 390 1503 auderet
412 1411 568 1494 attingere.
613 1409 650 1474 Et
672 1411 740 1491 quia
767 1410 841 1475 alius
861 1407 889 1489 6)
920 1419 951 1475 et
979 1413 1043 1493 ipse
1072 1433 1140 1476 rna-

121 1523 239 1588 culotus
264 1522 410 1588 sacrificio
435 1541 452 1586 a
475 1522 633 1588 secerdote
656 1523 806 1586 celebrato
820 1530 932 1606 partem
949 1543 1015 1588 oum
1031 1529 1139 1592 ceteris

86 1650 212 1702 toausus
245 1644 296 1720 est¹
322 1636 451 1700 latenter
484 1637 638 1717 accipere,
672 1643 806 1700 sanctum
841 1619 951 1700 domini
984 1637 1076 1702 edere
1110 1646 1141 1702 et

120 1755 309 1814 contrectare
331 1767 393 1813 non
414 1750 519 1830 potuit,
543 1749 674 1811 cinerem
698 1749 778 1811 terre
797 1767 832 1812 se
847 1752 957 1830 apertis
977 1749 982 1832 Ι
1002 1754 1135 1818 menibus
1151 1768 1189 1811 teo

119 1866 243 1929 invenit
288 1863 474 1926 Documento
498 1861 584 1925 unius
608 1866 761 1954 ostensum
785 1869 831 1924 est
861 1862 1011 1926 dominum
1029 1859 1054 1942 ⁷)
1084 1885 1149 1929 re-·
1217 1897 1218 1902 ι

120 1977 250 2056 cedere,
281 1994 346 2041 cum
368 1982 511 2059 negatur,
542 1992 599 2037 nec
622 1975 833 2039 inmerentibus
856 1975 894 2038 ad
916 1978 1040 2042 salutern
1061 1997 1138 2061 pro-

121 2167 181 2236 galt.
220 2165 293 2218 Comi.
313 2164 450 2219 Gronov.
468 2166 485 2218 l.
504 2182 526 2218 c.
561 2164 627 2217 Dein
652 2176 728 2236 orroet
750 2170 837 2230 animo
855 2166 909 2232 tta,
935 2174 979 2239 aqi
1003 2180 1027 2223 et
1050 2175 1139 2225 animo

122 2255 168 2310 Bb.
213 2254 303 2307 Partic.
332 2255 466 2324 copulativ.
496 2253 527 2305 ab
554 2270 575 2305 r.
603 2271 635 2305 m.
660 2255 686 2305 in
711 2253 749 2306 llo
777 2272 852 2322 supra
877 2264 916 2308 est
942 2255 1034 2309 addita.
1078 2256 1139 2309 'lum

122 2346 302 2468 mamona
315 2411 380 2462 liber
390 2409 455 2474 tuat,
473 2412 578 2464 concuti
590 2409 631 2461 ed.
646 2407 736 2462 blanut.
775 2412 804 2476 3)
824 2415 996 2468 dissimulare
1008 2413 1058 2480 Md,
1078 2419 1138 2470 die-

122 2503 250 2554 atmutato
268 2501 429 2553 conscientia
446 2496 489 2548 Ba.
527 2496 555 2561 b)
574 2501 654 2550 rerrtit
671 2497 721 2550 lld.
765 2499 794 2565 5)
816 2518 864 2569 quo
882 2502 912 2552 Α.
949 2500 1014 2553 Dein
1033 2507 1141 2556 arebam

122 2586 153 2638 id.
173 2604 196 2639 c.
216 2585 407 2651 ed.1)eveutr.‚
427 2602 518 2638 orcam
537 2587 675 2652 (superscr.
695 2586 726 2637 ab
745 2604 765 2638 r.
785 2605 817 2639 nr.
837 2590 956 2653 arebam)
976 2588 1025 2640 lld.
1061 2588 1140 2640 Paulo

122 2681 177 2739 pust
196 2676 321 2727 monibus
338 2675 456 2743 indiqnie
474 2687 523 2723 orn.
543 2679 605 2722 vett.
625 2671 681 2723 edd.
701 2680 727 2722 et
745 2672 889 2740 liembclt.,
907 2679 1030 2729 mortibus
1048 2679 1140 2745 inqui-

122 2765 194 2815 nntie
213 2761 273 2811 dont
290 2759 347 2812 Ver.
366 2763 398 2825 Α,
418 2760 468 2810 duo
481 2757 563 2826 Aegl.
583 2767 609 2809 et
628 2777 689 2812 unus
702 2759 788 2812 Belou.
820 2758 919 2813 Omisso
938 2767 998 2816 inde
1015 2762 1037 2813 tt
1055 2763 1142 2815 scribit

121 2853 222 2903 terrdtc.
259 2849 286 2915 6)
306 2849 342 2900 lta
360 2847 417 2914 lla,
437 2852 508 2917 atqui
526 2845 667 2913 attractio,
696 2857 720 2901 et
743 2853 788 2918 qui
806 2852 877 2904 clius
895 2849 937 2915 W,
956 2861 979 2903 ot
998 2855 1071 2905 alica
1096 2855 1142 2921 qul

121 2935 214 2989 Manat.
234 2936 327 2989 Pemel.
348 2936 443 3003 Oxou,
468 2948 492 2992 ct
516 2939 588 2991 olion
613 2940 674 3006 quio
691 2933 799 3006 Rigalt,
824 2946 848 2990 et
872 2941 977 3006 quidam
1001 2943 1073 2993 clines
1098 2937 1139 2990 lllb

121 3043 141 3076 c.
161 3023 220 3076 edd.
240 3023 476 3076 devenustem.
497 3021 585 3088 Grau,
604 3026 748 3092 etquidem
767 3027 838 3077 alies
859 3024 913 3089 llc,
938 3035 961 3078 ot
984 3028 1057 3078 eliud
1075 3029 1138 3094 qni-

121 3116 176 3166 dem
193 3113 232 3177 A,
258 3121 282 3165 ot
299 3115 401 3180 quidem
420 3115 493 3165 clius
513 3113 575 3180 quio
593 3108 695 3176 Belum,
714 3120 737 3164 et
757 3115 817 3181 quia
836 3115 908 3166 clieta
927 3111 983 3176 lld,
1002 3113 1062 3163 item
1081 3111 1139 3163 edd.

120 3209 191 3264 vett,
211 3210 313 3254 etcum
330 3209 354 3253 ct
372 3201 444 3253 clius
464 3196 512 3264 Bb,
532 3208 556 3252 et
574 3215 633 3252 cum
652 3201 724 3251 oliuo
744 3202 788 3267 qni
800 3197 907 3264 llorell,
927 3208 951 3252 ot
969 3217 1049 3267 quum
1068 3201 1139 3252 elius

121 3286 220 3352 cotun,
238 3286 344 3350 addens,
364 3285 533 3354 „suffragante
556 3288 637 3352 primo
656 3301 697 3352 ap.
716 3282 795 3336 Onon.
817 3283 955 3337 Bodleiano
976 3286 1049 3337 cod.“
1088 3284 1139 3335 Sed

120 3373 192 3427 Bodl.
212 3373 277 3426 liber
295 3373 370 3425 hebet
388 3390 463 3438 curn,
487 3389 538 3424 nou
557 3392 652 3442 quarn,
672 3371 738 3440 quod
758 3389 771 3422 ιι
791 3369 912 3438 Cypriani
931 3389 977 3424 usu
996 3371 1070 3440 plane
1090 3370 1139 3422 ab·
1219 3365 1221 3370 ’

120 3461 214 3513 horret.
249 3459 406 3528 Praepositio
431 3469 489 3512 ante
506 3477 531 3528 u.
551 3463 687 3520 accordote
710 3461 736 3510 in
757 3458 815 3510 llbe
834 3475 848 3509 a
866 3476 886 3511 r.
907 3476 938 3511 ιιι,
957 3461 1136 3527 superscripta.

121 3547 180 3599 Post
199 3547 360 3600 celebrated
378 3546 454 3598 infert
473 3550 595 3616 quoniam
614 3549 812 3616 accipientibus,
833 3553 891 3597 ente
911 3551 1006 3600 ceteris
1028 3546 1136 3596 coniun-

121 3637 231 3686 ctionem
251 3653 309 3690 cum
328 3638 454 3687 omittens.
492 3634 556 3685 Deio
580 3638 660 3688 nitur
684 3644 725 3688 cat
749 3637 773 3686 in
797 3651 845 3686 ras.
865 3634 950 3686 scribit
968 3633 1024 3699 tto,
1052 3651 1138 3687 ocsus

121 3733 191 3776 essct
207 3721 239 3774 Α.
276 3723 333 3774 llox
347 3717 416 3775 'ente
440 3733 564 3778 sanctum
589 3739 609 3774 r.
630 3739 661 3773 nt.
681 3724 779 3773 intrusit
797 3724 885 3788 partic.
905 3733 928 3775 et
946 3723 972 3772 in
990 3720 1039 3773 lllb.
1076 3719 1138 3770 Turn

121 3829 161 3880 dci
179 3825 257 3880 hebet
275 3828 324 3881 llld.
360 3827 475 3880 Proxime
493 3825 659 3881 bontrcctcre
678 3827 702 3878 Α
720 3836 745 3880 et
762 3843 809 3896 pro
831 3833 904 3896 [erre
926 3845 956 3882 ae
973 3825 1010 3879 ssa
1034 3845 1064 3880 ae
1089 3809 1136 3880 tce.

121 3948 149 4014 7)
168 3952 246 4006 mom
263 3949 309 4004 Bh.
346 3950 408 4004 Tum
431 3954 554 4021 quoninm
580 3960 691 4021 necator
708 3949 738 4002 Α.
775 3917 1138 4004 srattmttb⁵²¹²21rereratttoe

122 4050 221 4090 ecorr.
239 4053 260 4091 r.
278 4055 311 4092 m.

873 4137 923 4202 Ἰθί-
