2872 4806
623 441 692 500 xvu

239 609 291 674 iol.
336 604 449 672 Prodiil
471 623 542 670 cura
566 611 596 668 el
617 604 717 668 sludio
739 603 869 670 Lalini
891 603 1039 668 Latinii
1064 603 1169 669 Viler-
1273 685 1279 700 ι

235 731 359 811 biensis,
383 729 421 792 de
444 745 504 810 quo
520 727 579 791 vid.
596 745 703 809 supra3
726 727 781 790 sed
804 727 870 791 sine
892 728 1015 795 editoris
1037 735 1167 802 nomine.

234 854 293 918 Cur
314 871 424 920 nomen
447 867 533 916 auum
559 851 606 915 uir
628 851 899 934 praeslanlissimus
922 853 990 917 addi
1019 875 1080 922 non
1109 878 1168 942 pa-

233 985 360 1058 iareim,
400 978 466 1060 ipse
502 982 604 1040 narrat
641 975 733 1057 Episl.
770 975 854 1039 'lom
888 976 921 1039 ll.
961 996 989 1059 p.
1025 977 1095 1044 109.
1131 982 1168 1047 ad

235 1103 358 1166 blasium
388 1099 434 1163 bis
466 1098 584 1162 verbis:
620 1098 687 1178 „De
716 1097 864 1182 Cypriane
896 1107 969 1181 pulo
1002 1107 1032 1164 le
1064 1105 1167 1170 nescio

237 1225 308 1308 quid
330 1224 516 1308 praeclarum
540 1230 718 1304 exspectare
725 1243 734 1300 ;
764 1223 817 1286 sed
850 1222 976 1302 iruslra;
1003 1225 1169 1293 laboratum

235 1355 280 1412 est
303 1365 320 1411 a
343 1365 391 1411 me
414 1346 574 1430 diligenter
602 1364 637 1410 ao
666 1363 778 1410 summa
809 1347 882 1428 fide,
915 1346 1002 1412 mulla
1032 1353 1168 1438 rasliluta

233 1476 317 1551 sunl,
349 1469 466 1533 addilus
495 1469 583 1532 eliam
613 1487 711 1551 paene
741 1469 836 1533 iuslus
866 1469 1059 1552 epistolarum
1081 1475 1167 1541 liber.

234 1596 443 1658 Verumtamen
467 1595 538 1657 mihi
560 1593 624 1656 lieri
647 1594 717 1657 salis
740 1611 801 1657 non
819 1600 928 1675 polest,
951 1597 1070 1676 quando
1087 1619 1168 1682 quo-

232 1719 356 1782 rumdam
379 1718 529 1782 bominum
553 1717 675 1781 libidine
698 1736 759 1780 non
781 1723 828 1782 sal
852 1718 926 1794 saio,
949 1738 987 1783 an
1011 1721 1167 1802 prudentia

239 1843 429 1906 commissum
454 1848 517 1922 esi,
542 1848 574 1905 ul
596 1848 698 1905 eonlra
722 1843 899 1925 scripiorum
922 1844 1058 1908 codicum
1080 1846 1169 1911 fidem

237 1967 379 2029 nonnulla
403 1973 518 2030 relenla
549 1967 623 2046 sini,
652 1966 750 2048 aliqua
782 1967 870 2031 eliam
901 1967 1013 2049 addila,
1042 1971 1168 2052 plurima

233 2108 307 2153 vero
341 2085 443 2173 (quod
476 2097 575 2152 lamen
613 2089 649 2151 ad
681 2091 894 2172 scripturarum
932 2092 1020 2156 ollula
1056 2095 1167 2175 possim

236 2215 404 2278 leslimonia
427 2211 576 2298 perlinel)
599 2215 765 2294 immolala,
795 2221 827 2278 ul
852 2233 939 2296 quarn
962 2215 1027 2279 lieri
1050 2217 1168 2281 minime

233 2344 338 2420 posset
364 2358 380 2400 a
411 2339 530 2422 vulgata
563 2355 717 2401 sacrorum
748 2337 908 2401 Bibliorum
941 2337 1070 2404 editione
1101 2340 1168 2405 dis-

234 2471 401 2546 creparent.
454 2465 538 2538 Quae
569 2481 621 2527 res
651 2463 740 2544 leoil,
775 2470 807 2526 ul
838 2481 877 2526 no
907 2483 1016 2526 nomen
1045 2463 1164 2545 quidem

233 2607 330 2651 meum
362 2607 378 2650 a
409 2587 539 2650 llanulio
569 2595 689 2670 paterer
718 2588 779 2652 ullo
809 2587 899 2652 modo
929 2587 1057 2652 adscribi
1065 2611 1074 2666 ;
1103 2607 1165 2652 non

233 2713 328 2792 enim,
361 2718 394 2774 ut
425 2711 506 2774 mulli
539 2711 669 2774 loriasse
700 2712 886 2789 existimaui,
917 2711 986 2774 leve
1016 2711 1095 2793 apud
1117 2730 1165 2775 mo

233 2835 344 2898 crimen
366 2853 502 2916 umquam
525 2836 689 2918 pulabilur‚
712 2841 762 2899 aul
783 2837 936 2899 verbalem
959 2835 1093 2902 caelasse
1115 2844 1166 2900 aul

233 2961 352 3022 omnino
391 2959 548 3022 lillerulam
586 2961 765 3022 immutasse.
835 2959 1022 3042 collegeram
1066 2959 1163 3022 mullis

231 3082 341 3166 vigiliis
379 3089 408 3146 el
440 3083 592 3148 laboribus
624 3083 769 3165 quaedam
800 3083 886 3147 eliam
921 3084 958 3147 ad
990 3080 1164 3147 illustranda

232 3205 297 3268 loca
321 3206 434 3288 aliquoi
457 3209 642 3287 obscuriora,
665 3209 804 3288 parabam
828 3201 914 3271 eliam
937 3208 1046 3269 breves
1069 3221 1164 3287 quas-

232 3328 298 3391 dam
322 3329 595 3408 aunolaliunoulas‚
625 3330 655 3391 in
687 3331 793 3412 quibus
817 3328 1005 3411 bustuarias
1028 3325 1164 3390 codicum

231 3453 377 3516 lectiones
399 3450 552 3533 indicatas,
576 3453 646 3534 quid
662 3454 789 3517 maxime
805 3469 903 3515 essem
919 3457 1039 3514 seculus
1056 3455 1163 3513 oslen-

232 3574 343 3638 derem.
383 3573 443 3639 Sed
460 3575 496 3637 ab
518 3593 556 3638 eo
579 3575 683 3640 labore
706 3575 872 3658 supersedi,
895 3593 935 3638 ne
957 3574 1045 3637 sudem
1067 3591 1162 3635 meam

232 3699 383 3782 cuisquam
407 3698 581 3761 melioulo‘sa
604 3698 763 3782 prudentia
786 3698 834 3762 vel
849 3683 997 3762 levissima
1013 3695 1163 3759 infirmare

231 3831 344 3905 posset.
391 3823 490 3896 Quare
513 3841 581 3886 meo
604 3823 739 3904 periculo
767 3821 856 3885 didici
885 3821 1003 3885 slullum
1033 3837 1103 3884 esse
1132 3820 1163 3883 in

231 3945 267 4008 iis
290 3944 395 4010 studiis
417 3952 543 4009 ablatem
565 3951 675 4027 terere,
698 3947 728 4009 in
745 3945 852 4027 qubus
866 3961 996 4010 necesse
1010 3945 1050 4007 sil
1064 3943 1162 4006 alieno
