2872 4806
525 405 634 482 ‘ta

104 592 195 640 amet
208 573 248 656 ¹¹)
269 582 299 638 et
312 575 346 639 in
361 575 465 638 eatam
480 577 640 638 sententia.
678 575 716 638 Et
731 577 836 639 iterum
849 575 919 641 nteit
933 573 991 659 ¹²):
1012 573 1120 644 Sesti-

102 699 207 755 nenlee
229 688 269 768 13)
301 691 431 754 invicem
460 691 495 752 in
523 692 703 768 dilectione,
734 692 813 754 satir
842 701 967 774 aqentea
995 713 1122 759 eernere

100 807 247 868 unitatem
275 806 404 886 spiritur
433 805 468 867 in
490 806 704 868 coniunctione
724 807 826 885 pecie.
871 807 956 870 Stare
975 805 1015 901 ¹f)
1038 814 1070 871 tu
1093 815 1123 872 et

99 919 206 981 vivere
234 925 321 1001 putas
351 935 443 1002 pessa
476 918 514 981 de
544 917 673 982 eeclesia
705 919 915 1000 recedentem,
947 922 1037 986 sedes
1067 923 1123 987 sibi

77 1032 175 1095 satias
199 1039 229 1096 et
252 1033 372 1096 diversa
395 1031 542 1096 domicilia
565 1032 762 1111 condentem,
793 1051 859 1096 cum
888 1035 997 1100 dictum
1025 1036 1063 1098 sit
1086 1035 1124 1099 ad

105 1145 219 1225 lihaab,
242 1147 272 1209 in
296 1165 354 1227 qua
377 1146 635 1228 praeformabatur
658 1146 786 1210 ecelesia
807 1144 862 1224 15);
894 1143 1018 1211 Patrem
1041 1158 1124 1212 mam

103 1268 134 1321 et
152 1267 278 1322 matrem
301 1267 383 1323 taam
405 1269 434 1322 et
453 1263 572 1342 fratrea
594 1267 662 1322 teos
683 1255 719 1337 ¹⁶)
738 1269 767 1322 et
783 1268 875 1322 totam
891 1261 1010 1324 domam
1020 1265 1125 1343 patrie

103 1373 147 1436 tei
161 1374 286 1454 colliqes
302 1375 345 1436 ad
359 1381 386 1436 le
401 1375 499 1454 ipsam
518 1375 552 1434 in
575 1374 695 1435 domam
718 1381 810 1449 mana,
835 1382 865 1434 at
887 1376 946 1436 erit
965 1369 1002 1452 ¹⁷)
1025 1377 1125 1440 omnir

103 1488 157 1568 qai
178 1489 292 1551 exierit
313 1490 422 1551 ostiam
445 1490 551 1551 demea
573 1498 643 1552 tuae
664 1492 764 1571 ferar,
787 1509 860 1554 rear
879 1491 946 1568 atat,
957 1493 1033 1567 erim
1056 1494 1125 1556 item

67 1609 322 1664 ¹⁰eaeramentum
343 1597 380 1677 ¹⁸)
405 1603 536 1683 paschae
559 1601 630 1664 nihil
653 1602 732 1665 alind
761 1604 791 1664 in
822 1603 913 1667 exodi
944 1604 1015 1688 lege
1046 1624 1124 1671 een-

103 1716 213 1800 tineat,
245 1735 332 1796 quam
363 1724 395 1781 ut
424 1735 539 1799 agnae,
573 1717 623 1797 qui
653 1717 798 1801 infigura
830 1718 939 1781 Christi
970 1721 1124 1803 oceiditur,

103 1832 133 1894 in
165 1830 255 1894 domo
285 1850 343 1895 una
376 1830 489 1894 edatur.
541 1831 686 1912 Loquitur
718 1831 792 1902 deus
822 1831 1009 1898 dicensz'ln
1037 1835 1126 1900 domo

104 1965 168 2012 aaa
197 1946 369 2010 comedetur
386 1940 449 2024 ¹⁹),
480 1965 542 2008 non
571 1947 689 2008 eicietir
711 1946 749 2007 cle
771 1946 860 2009 domo
882 1965 1005 2010 carnem
1025 1950 1123 2030 forae.

103 2105 245 2156 variantem
270 2104 297 2154 in
321 2109 373 2154 vet.
394 2100 451 2152 eod.
471 2075 567 2152 invenit
585 2099 722 2153 Moralliua.
761 2099 807 2165 11)
827 2105 855 2154 in
880 2121 965 2158 aenan
988 2107 1078 2158 eedem
1101 2115 1125 2159 et

103 2193 133 2244 in
159 2195 248 2245 euclem
275 2192 387 2244 seientia
414 2187 453 2253 Α,
481 2189 597 2243 seientia
622 2189 697 2238 etiam
722 2187 778 2240 11οά
803 2197 829 2240 et
853 2188 937 2258 Atfltg.
962 2205 1002 2258 ep.
1027 2189 1125 2244 Pamel.

105 2279 150 2345 12)
169 2277 265 2346 Ephee.
283 2278 315 2344 1,
339 2277 364 2329 3.
386 2275 427 2329 ta.
454 2279 621 2332 sustinentia
640 2293 677 2344 pr·
696 2276 752 2343 tta,
770 2281 963 2335 anelirterttilue
982 2277 1061 2332 habet
1078 2277 1123 2334 aa.

104 2439 161 2492 Mox
179 2447 224 2492 eat
241 2447 347 2508 naeniae
366 2439 403 2502 (ie
423 2437 509 2500 eraso)
530 2434 586 2499 111),
615 2374 789 2506 animatae
815 2437 934 2504 (naeniae
952 2451 967 2486 a
985 2451 1006 2488 r.
1025 2452 1058 2488 m.
1078 2453 1124 2488 en-

105 2525 216 2594 peracr.)
243 2523 291 2577 Me.
334 2523 401 2576 Dein
431 2528 460 2578 in
485 2525 593 2576 vincalo
620 2525 697 2592 paria
721 2520 760 2572 iila
785 2529 811 2571 et
834 2521 892 2574 cod.
918 2519 1127 2576 claromontanus

105 2611 269 2681 epistolarum
289 2610 314 2663 S.
334 2610 418 2664 Pauli.
456 2609 501 2677 11)
522 2613 556 2664 lit
575 2620 648 2664 atara
667 2607 699 2674 Α,
719 2620 792 2664 atara
807 2591 833 2663 ie
852 2609 914 2677 (sic)
932 2620 961 2664 tn
980 2609 1025 2664 Ba.
1065 2609 1127 2664 'lum

104 2705 210 2755 vincere
234 2715 281 2768 pro
307 2703 400 2754 vivere
418 2697 450 2749 Α.
485 2696 513 2762 ln
542 2713 613 2765 seqq.
633 2699 755 2766 queniam
781 2699 818 2750 eit
836 2701 936 2750 tiletum
960 2701 996 2752 eit
1016 2700 1078 2768 (aie)
1097 2699 1129 2752 Α.

35 2802 39 2805 ·
105 2789 170 2842 Dein
190 2792 225 2844 ael
242 2791 333 2843 Diaei
353 2787 411 2839 edd.
431 2785 475 2839 SP.
496 2795 521 2838 et
540 2784 628 2836 Vener.
649 2783 671 2835 1.
685 2783 720 2851 2,,
740 2787 774 2838 al
786 2787 860 2839 llaai
880 2783 953 2836 codd.
973 2785 1014 2838 W.
1031 2785 1130 2861 Mabcd,

105 2877 139 2931 Be
159 2895 182 2929 e.
202 2876 261 2929 edd.
281 2875 402 2928 Darentr.
421 2874 511 2926 Remb.
531 2874 672 2940 ceterisque
700 2879 801 2938 praeter
819 2869 906 2924 Baluz.
927 2880 953 2924 et
972 2871 1079 2939 Gelda,
1103 2875 1129 2927 in

106 2966 197 3036 quibua
216 2971 255 3017 eat
274 2965 307 3017 acl
325 2967 424 3018 Ralaal.
462 2961 510 3013 Pro
530 2964 563 3015 al
582 2963 672 3014 lllaaal
693 2958 748 3012 Vat.
768 2975 842 3024 unua,
862 2957 899 3010 ab
921 2967 947 3010 et
965 2957 986 3009 Α
1006 2959 1129 3014 exhibent

105 3057 136 3108 ei.
174 3052 221 3117 15)
239 3050 288 3102 los.
306 3049 332 3114 2,
352 3047 463 3100 18-19.
506 3047 552 3113 16)
571 3046 660 3114 inepte
678 3063 745 3100 anos
764 3044 795 3097 A.
831 3043 920 3096 Statim
940 3054 1025 3098 tetam
1043 3051 1130 3114 fami-

105 3145 168 3195 liam
196 3150 268 3194 tuam
296 3141 405 3207 eolliyer
434 3135 492 3188 cod.
521 3132 666 3186 Beeeeneis.
713 3132 779 3184 Dein
807 3143 831 3187 et
855 3142 880 3186 te
903 3147 949 3199 pro
976 3135 1010 3184 ad
1033 3143 1056 3186 te
1081 3133 1130 3185 ltlb.

107 3228 151 3293 17)
171 3230 223 3282 erit
249 3225 322 3278 deest
346 3225 370 3274 in
390 3221 431 3274 ed.
450 3219 537 3273 Belua.
574 3219 689 3272 Proxime
716 3223 832 3274 nostiam
857 3217 917 3269 dent
937 3215 1034 3282 Malred.
1053 3218 1084 3270 Α.
1104 3227 1131 3270 et

106 3317 165 3368 edd.
183 3322 247 3366 vett.
267 3329 287 3364 e.
306 3309 404 3362 Eranam.
440 3305 488 3360 Pro
506 3314 592 3380 sorae,
630 3307 696 3376 quod
716 3321 765 3358 om.
784 3307 838 3372 Ma,
863 3308 888 3357 in
906 3303 964 3370 Md,
984 3313 1011 3355 ut
1028 3305 1131 3358 in'edd.

72 3438 73 3444 ,
106 3411 169 3454 vett.
182 3409 210 3453 et
224 3397 324 3462 liemb.‚
344 3398 437 3466 legitur
448 3400 527 3466 soria.
559 3395 616 3446 Mox
635 3397 689 3449 atat
706 3395 780 3445 abest
798 3393 830 3444 ab
850 3392 908 3444 edd.
927 3399 987 3443 vett.
1009 3396 1130 3459 (excepta

106 3489 239 3551 Devorata,
258 3487 282 3537 in
302 3501 351 3556 qua
369 3493 408 3535 est
427 3487 478 3538 erit
495 3481 563 3549 aiii)
583 3489 608 3534 et
627 3480 725 3532 Erasm.
763 3479 808 3546 18)
828 3489 1024 3532 sacramentnm
1043 3487 1132 3531 antem

106 3593 153 3646 pro
172 3578 235 3629 item
253 3583 450 3628 recrementum
468 3572 499 3623 Α.
536 3571 601 3621 Dein
619 3587 672 3622 nan
690 3571 765 3622 nlinrl
782 3567 839 3618 edd.
860 3565 1028 3618 Manualenam
1053 3574 1130 3616 ante-

107 3663 240 3716 cedentes.
269 3659 390 3712 Mendoae
405 3663 433 3713 in
445 3661 525 3713 execll
537 3661 618 3728 lenem
630 3655 676 3709 Ba.
689 3655 745 3706 vid.
759 3654 840 3707 Exod.
855 3655 897 3719 12,
910 3653 934 3705 3.
972 3651 1019 3719 19)
1031 3651 1131 3704 Verbere

106 3751 239 3822 Loquitur
262 3751 327 3802 leue
351 3751 459 3802 alterna:
490 3749 522 3800 ln
548 3748 623 3799 lenae
648 3762 703 3798 ana
729 3745 878 3796 comedetur
902 3739 1080 3792 desiderantur
1106 3741 1132 3791 in

107 3837 139 3890 A.
181 3835 231 3889 Pro
256 3839 322 3890 leue
345 3834 387 3886 Mb
412 3843 439 3886 et
462 3833 499 3884 Bb
523 3832 618 3885 hebent
642 3834 774 3884 deminae.
819 3827 879 3880 'lum
907 3827 967 3880 Ver.
993 3827 1017 3880 1.
1043 3825 1131 3879 scribit

108 3927 206 3979 edetur.
243 3921 300 3974 tton
323 3923 404 3986 male;
428 3921 519 3991 legitur
544 3922 611 3973 enim
635 3917 716 3971 Exed.
737 3915 786 3983 12,
811 3915 852 3969 16.
871 3933 913 3984 ap.
933 3915 1004 3967 Lxx.
1024 3913 1052 3963 in
1068 3913 1134 3983 alata

109 4014 152 4078 μιᾷ
170 4005 329 4078 sanationem.
368 4008 486 4062 Ceterum
505 4008 556 4062 vid.
575 4007 667 4060 Adnot.
687 4005 729 4056 26.
748 4005 780 4057 ad
805 4003 866 4072 Cap.
884 4002 904 4056 1.
941 4002 1008 4055 Dein
1033 4012 1058 4058 et
1080 4019 1134 4058 nera

866 4099 921 4166 2*
