2874 4806
603 433 663 500 141

50 652 54 657 .
129 587 166 654 sd
187 606 260 656 usus
280 589 510 680 bonoscensus
533 598 684 674 operetur,
706 597 739 656 ut
759 591 933 674 patrimonio
956 609 1012 657 suo
1043 609 1141 658 unus·

129 704 255 786 quisque
277 706 454 788 locupletior
476 708 570 792 magis
596 708 744 771 redimere
772 707 881 772 debent
910 725 998 790 quero
1028 725 1141 791 eogere

127 817 243 881 delicto.
288 816 537 890 Omomentorum
567 839 602 882 na
632 821 758 884 vestium
786 821 913 905 insignio
940 828 970 884 et
990 822 1139 886 lenocinio

126 931 286 996 formarum
299 929 325 1010 ⁵)
346 931 351 1015 Ι
369 949 429 997 non
452 931 509 994 nisi
531 921 696 1015 prostitutis
719 941 750 997 et
765 933 910 1016 inpudicis
925 934 1042 998 leminis
1061 953 1139 999 con·
1152 945 1191 992 nr

97 1050 252 1128 amount,
276 1050 306 1106 et
327 1043 472 1108 nullarum
495 1042 560 1108 lero
581 1046 743 1127 pretiosior
766 1047 862 1110 cultos
885 1054 931 1110 est
951 1067 1038 1130 mom
1063 1067 1141 1130 que-

123 1177 191 1222 rum
213 1158 311 1240 pudor
332 1158 399 1222 vilis
422 1163 476 1222 est
514 1158 564 1224 Sic
584 1159 614 1222 in
636 1160 792 1242 scripturis
814 1160 933 1241 sanctis,
956 1161 1062 1242 pinibus
1084 1179 1141 1226 nos

123 1272 230 1337 instrui
242 1269 270 1354 ⁶)
303 1272 440 1338 dominus
472 1273 567 1336 voluit
600 1281 630 1336 et
664 1276 796 1354 moneri,
831 1275 1008 1339 describitur
1038 1277 1141 1340 ciuiles

124 1388 277 1468 meretrix,
300 1395 417 1472 comptu
439 1387 590 1472 pulchrius
613 1396 644 1452 et
667 1393 789 1468 ornate,
820 1396 852 1453 et
873 1408 940 1452 curn
960 1391 1141 1455 ornamentis
1168 1422 1171 1428 ·

62 1551 63 1557 κ
124 1502 187 1564 suis
209 1519 244 1566 ac
266 1509 390 1585 propter
412 1504 475 1586 ipsa
499 1502 597 1585 potius
621 1510 793 1566 omementa
813 1505 953 1585 peritura.
991 1503 1140 1581 Etoenit,

81 1629 111 1673 ιο
125 1617 221 1698 inquit
237 1610 280 1696 ²),
312 1635 394 1680 unus
427 1636 468 1696 aa
501 1625 617 1696 reptem
650 1618 770 1698 anpelis
803 1616 987 1682 labentibus
1016 1616 1142 1697 piiolos

123 1737 237 1812 raptem
259 1738 291 1791 et
311 1730 479 1811 adprosam
507 1737 554 1793 ert
580 1748 627 1793 me
657 1730 783 1792 dicens:
816 1730 907 1807 Veni,
940 1725 1143 1808 ostendam&

123 1844 180 1906 tibi
224 1842 452 1906 damnationem
495 1843 668 1907 meretricis
710 1861 839 1924 mopnae
875 1845 1013 1908 sedentis
1048 1861 1144 1924 super

122 1977 225 2038 aquas
245 1958 368 2034 multos,
392 1976 460 2020 eom
481 1975 544 2038 quo
563 1955 717 2034 fornicati
740 1966 815 2021 sunt
836 1977 926 2038 repes
949 1966 1060 2021 terrac.
1103 1956 1145 2019 Et

123 2073 217 2142 duait
238 2092 284 2134 me
307 2073 341 2135 io
363 2071 489 2151 spirito.
534 2071 576 2134 lit
598 2071 666 2133 cidi
688 2072 848 2134 mulierem
869 2072 1024 2135 sedentem
1049 2088 1143 2149 saper

83 2185 270 2258 labaetiam
300 2191 331 2246 et
357 2184 469 2246 mulier
497 2184 554 2246 illa
578 2185 693 2245 amicto
716 2191 784 2246 erat
800 2183 930 2264 palliam
948 2168 1143 2264 purpuream

121 2307 152 2362 et
172 2299 347 2364 coccineum
359 2293 400 2377 ⁹),
425 2308 456 2361 et
476 2299 632 2362 dornale
653 2308 724 2362 erat
745 2317 825 2362 auro
850 2306 881 2360 ct
896 2298 1054 2377 lapidibus
1065 2317 1142 2378 pre-

122 2575 241 2641 alioquin
258 2570 317 2636 ild,
337 2573 454 2640 alioquin
473 2569 532 2620 cdd.
552 2576 613 2620 vett.
632 2585 654 2620 c.
673 2567 781 2634 Erusm,
800 2572 899 2638 alioqui
916 2569 1071 2646 oxemplspin
1088 2567 1143 2621 rell

121 2659 191 2712 lulre
209 2659 268 2711 Ver.
287 2659 374 2712 scribit
391 2660 551 2728 locupletior
566 2662 664 2726 factus.
701 2657 729 2722 5)
748 2656 786 2710 lte
804 2657 878 2710 codd.
899 2659 987 2722 nostrl,
1008 2659 1068 2710 item
1086 2655 1144 2709 Ver.

125 2757 151 2800 et
177 2763 242 2800 uuus
260 2747 340 2815 Neup.
360 2744 578 2799 consentientibus
597 2744 656 2796 cdd.
677 2742 750 2797 Genu.
770 2745 809 2812 (in
828 2747 907 2814 mg),
933 2743 1030 2797 blorell.
1048 2743 1143 2797 Pemel.

125 2837 268 2905 ceterisque
291 2834 492 2900 recentioribus,
517 2833 638 2886 mendose
661 2837 790 2902 fun-aram
814 2833 873 2886 cdd.
896 2831 941 2885 sl’.
963 2833 1055 2884 Venet.
1077 2833 1100 2884 l.
1119 2830 1144 2882 2.

124 2925 221 2989 linum,
248 2927 372 2993 fucorum
400 2920 448 2972 duo
473 2919 531 2971 libri
554 2919 608 2972 lut.
635 2929 661 2972 et
687 2918 745 2971 add.
772 2918 862 2971 Remb.
887 2918 986 2972 Ererm.
1010 2917 1083 2971 Grau.
1106 2916 1144 2984 (in

126 3012 260 3082 contextu)
279 3021 304 3063 et
322 3008 415 3062 Manat.
451 3006 479 3061 ln
499 3006 608 3060 clausula
627 3017 667 3062 eat
685 3011 750 3063 oilie
769 3022 808 3075 pr.
827 3005 878 3057 tlt.
923 3005 952 3073 6)
971 3007 1072 3059 instrui
1094 3021 1144 3060 noc

126 3101 181 3166 tte,
206 3102 370 3154 instruit-
390 3101 473 3153 uoluit
492 3097 528 3163 Α,
555 3106 579 3151 et
602 3099 704 3151 moneri
729 3098 853 3150 dominus
879 3097 964 3148 voluit
982 3091 1030 3144 llb.
1067 3090 1145 3144 Puulo

127 3193 186 3256 post
202 3187 326 3256 pulcrior
343 3183 383 3237 W.
405 3184 454 3236 llld.
491 3182 552 3236 'lum
575 3184 646 3251 prior
663 3182 729 3234 liber
753 3200 783 3236 ac
811 3199 871 3235 cum
898 3181 1061 3235 ornamentis
1084 3180 1146 3233 ruia

127 3285 160 3330 ol.
197 3275 225 3338 7)
245 3275 336 3344 inpuid
353 3271 402 3338 lle,
422 3289 505 3337 annue,
524 3272 609 3340 inquit
627 3267 677 3321 ild.
712 3266 767 3320 vid.
785 3266 867 3334 Apoc.
889 3266 938 3330 tt,
963 3263 1052 3316 1-4.
1089 3263 1147 3314 blox

127 3367 205 3430 fialas
224 3360 275 3427 lid,
292 3364 398 3431 pbiolae
416 3359 457 3424 W,
475 3362 552 3428 piolus
570 3359 601 3410 Α.
637 3355 721 3408 Deest
743 3365 843 3425 raptem
861 3355 887 3404 in
906 3351 939 3402 W
957 3358 983 3402 et
1000 3350 1049 3403 lllu.
1085 3348 1147 3400 'lum

128 3455 164 3506 ad
180 3468 221 3504 mc
238 3453 331 3504 diccnr
348 3446 438 3499 scribit
454 3444 505 3498 lllb.
549 3444 580 3514 8)
604 3448 665 3499 Veni
691 3454 715 3499 et
735 3446 871 3498 ostendam
889 3440 921 3493 Α.
957 3437 1031 3490 Pron.
1050 3440 1097 3490 titi
1115 3434 1146 3487 ab

130 3538 163 3590 al.
182 3543 214 3589 mss
233 3535 428 3604 superscriptum
447 3534 472 3583 in
491 3529 531 3583 W.
568 3529 634 3582 Dein
660 3531 875 3598 dampnacionem
899 3526 994 3578 hubent
1011 3524 1061 3576 llld.
1080 3519 1148 3574 οιΑ

131 3643 154 3677 c.
174 3624 214 3676 cd.
234 3622 356 3675 Daventr.
399 3620 428 3688 9)
447 3623 544 3674 amicto
562 3647 596 3655 -
613 3622 725 3689 pallium
746 3619 872 3687 (palleum
890 3612 923 3682 Β)
941 3629 1106 3684 purpureum
1124 3619 1148 3664 et

132 3707 363 3768 coccineumilcr.
381 3708 422 3762 W.
439 3705 468 3760 B.
488 3707 570 3774 Nenp.
586 3703 613 3758 ’2.
631 3706 669 3771 Α,
689 3708 801 3775 pallium
817 3719 979 3774 perparcum
996 3709 1020 3754 et
1039 3699 1147 3754 conabi-

444 3785 450 3796 “
948 3792 958 3841 ι

131 3889 212 3927 neum
228 3869 285 3937 blo,
308 3871 420 3938 pallium
437 3868 588 3920 coamncum
606 3873 631 3918 at
645 3879 809 3935 purpureum
828 3859 884 3926 lib,
910 3862 1022 3930 pateam
1039 3837 1153 3926 ponpis-⁸

132 4047 212 4087 rcum
228 4038 252 4085 ot
270 3974 418 4083 oenomaum
434 4023 459 4094 (t
477 4031 505 4078 et
522 4041 537 4080 a
555 4037 588 4076 ox
606 4036 672 4076 corr.
690 4037 711 4074 r.
723 4020 771 4089 m.)
790 4017 837 4072 tta.
871 4015 918 4072 Eat
933 4015 1002 4069 enirn
1019 4013 1045 4066 in
1057 4009 1148 4064 (innoc.
