2872 4806
781 461 825 532 'ts

295 621 409 704 nem')
439 622 561 708 pertidia
594 625 776 707 praevenit?
833 625 898 690 Nec
931 631 1056 690 excusat
1090 620 1308 709 oppressum&

295 737 462 802 necessitas
488 737 636 818 criminis,
668 739 719 802 nbi
749 739 862 802 crimen
884 745 931 802 est
952 739 1122 802 voluntatis.
1165 740 1229 803 Neo
1249 739 1308 805 boc
1345 731 1350 739 “

295 871 333 915 co
345 849 373 929 ⁴)
395 850 479 930 dico,
502 858 535 913 ut
557 850 680 916 fratrum
703 869 809 916 causas
832 870 974 932 onerem,
997 853 1053 916 sed
1074 860 1106 916 ut
1127 855 1221 938 magis
1244 854 1309 917 ira-

294 972 356 1028 tres
371 965 409 1030 ad
430 983 552 1049 precem
574 967 786 1031 satisfactionis
807 969 957 1050 instigem.
994 969 1070 1030 llam
1087 965 1116 1048 ⁵)
1140 987 1207 1030 cnm
1229 969 1309 1031 scri-

267 1087 376 1161 aptam
397 1081 450 1144 sit:
475 1081 535 1158 Oui
556 1103 612 1147 cos
627 1079 656 1163 ⁶)
676 1086 787 1166 [elices
808 1085 924 1162 dicunt,
945 1086 979 1145 in
1002 1104 1139 1147 mos-mn
1160 1102 1217 1147 cos
1238 1084 1309 1145 mit-

295 1203 371 1273 tunt,
395 1205 425 1259 et
445 1199 582 1261 semitam
597 1201 712 1279 pedum
726 1207 897 1262 amborum
913 1198 1045 1277 turbant,
1069 1201 1120 1280 qni
1135 1205 1310 1280 peccantem
1368 1257 1372 1272 ,

294 1309 500 1374 blandinentis
518 1306 544 1388 ⁷)
568 1312 753 1376 adulantibus
775 1313 889 1395 palpat,
912 1312 1057 1394 peccandi
1079 1312 1210 1375 inmitem
1234 1312 1310 1375 sub-

294 1423 448 1504 ministrat,
471 1444 531 1516 nec
552 1427 709 1508 conprimit
731 1426 838 1488 delicta
860 1426 921 1506 ille,
944 1426 999 1490 sed
1020 1427 1120 1488 nutrit
1158 1427 1197 1489 At
1220 1420 1311 1507 quit)

294 1537 426 1602 consiliis
449 1538 623 1602 fortioribus
646 1539 802 1622 redarguit
824 1539 911 1602 suntal
933 1546 1021 1621 atque
1043 1541 1162 1604 iustruit
1179 1539 1311 1617 babent,

255 1676 281 1720 to
293 1659 454 1736 promovet
484 1652 520 1716 ad
551 1653 685 1716 salutem.
738 1651 825 1728 Quos
854 1653 968 1734 ddipo,
996 1653 1094 1744 inquit⁴
1118 1653 1256 1716 dominus
1275 1646 1311 1730 ⁹),

292 1769 450 1850 redorpato
481 1775 511 1830 ct
541 1768 668 1848 castipo.
721 1766 770 1832 Sic
798 1774 916 1848 oportet
949 1761 1013 1846 ΙΝ)
1041 1767 1091 1830 dei
1119 1765 1309 1832 sacerdotem
1322 1771 1355 1814 ¹⁸⁸

362 2029 392 2098 2)
411 2031 598 2100 conpressione
609 2025 653 2079 Ba.
690 2026 719 2094 3)
738 2032 879 2084 clausum
891 2026 923 2081 A.
960 2028 1022 2081 'lum
1038 2032 1140 2084 eristen
1158 2039 1198 2084 est
1216 2039 1241 2084 et
1260 2047 1311 2085 vo-

292 2189 383 2244 lootas
400 2190 469 2252 eiua,
487 2187 514 2237 in
532 2201 583 2255 mg.
593 2191 686 2237 autem
704 2200 728 2236 a.
745 2199 766 2236 r.
784 2201 818 2238 m.
836 2118 983 2240 dilaniata
1000 2201 1047 2253 pro
1066 2195 1090 2240 st
1107 2189 1233 2240 veluntas
1250 2189 1311 2240 dus

293 2276 341 2328 llc.
393 2275 422 2340 4)
448 2273 485 2326 lta
505 2273 546 2325 W.
565 2272 618 2337 tta,
641 2288 679 2340 pr.
702 2271 742 2324 lla
763 2281 795 2324 et
817 2272 875 2325 edd.
894 2273 991 2325 Erasm.
1016 2271 1091 2325 Grau.
1115 2281 1192 2342 atque
1209 2272 1313 2335 Manat,

292 2382 329 2418 ex
345 2381 376 2417 sn
392 2361 433 2413 bld
451 2369 605 2430 veteresque
623 2359 681 2411 edd.
700 2376 723 2411 c.
742 2359 884 2425 llembolt.,
910 2379 956 2430 apo
974 2361 1025 2414 llb.
1045 2360 1082 2414 Bb
1102 2369 1129 2414 et
1151 2378 1188 2429 pr.
1207 2360 1265 2426 tta,
1288 2361 1313 2411 in

293 2500 344 2555 quo
360 2484 468 2552 posthac
485 2491 626 2536 correctum
643 2489 683 2533 est
700 2499 744 2544 co;
766 2451 823 2536 ideo
842 2499 875 2533 ex
892 2490 952 2535 naut.
971 2498 991 2534 r.
1005 2500 1037 2534 sn.
1053 2481 1105 2546 lla3
1123 2486 1181 2537 idea
1200 2482 1233 2548 A,
1251 2483 1313 2535 item

292 2573 351 2626 edd.
370 2571 469 2624 llorell.
486 2569 580 2624 Pamel.
599 2569 691 2639 Rigalt.
715 2567 797 2622 Onon.
823 2569 909 2622 Ralua.
933 2569 1022 2624 Goldb.
1059 2571 1087 2624 ln
1112 2587 1183 2640 seqq.
1210 2587 1311 2624 causas

291 2664 408 2728 fratrum
428 2657 473 2710 lla.
512 2657 540 2723 5)
561 2655 617 2710 0m.
636 2656 702 2709 blab.
738 2658 803 2726 Dein
829 2662 959 2730 scriptam
984 2668 1026 2714 est
1049 2658 1153 2711 exbibet
1171 2657 1217 2710 lle.
1255 2656 1312 2708 Vid.

292 2745 402 2810 llasil,
422 2746 462 2798 12,
505 2743 534 2813 6)
552 2749 627 2812 Qrcoa
651 2759 698 2811 pro
722 2749 768 2814 qui
791 2763 841 2800 aua
862 2745 898 2796 Bu
921 2754 947 2797 et
971 2746 1020 2798 bic.
1056 2745 1136 2798 Abest
1160 2763 1210 2800 vos
1234 2762 1249 2798 a
1269 2744 1310 2795 W.

292 2833 358 2885 Dein
377 2848 423 2901 pro
442 2835 551 2887 semitas
574 2833 664 2900 scripsi
688 2835 809 2885 counitam
834 2830 890 2898 (τὸν
916 2835 1013 2900 τρίβον)
1039 2835 1184 2886 auctoribus
1203 2833 1260 2887 blaa.
1280 2837 1312 2888 W

293 2929 319 2972 et
337 2918 417 2973 llnbc.
453 2919 501 2972 Pro
519 2923 637 2983 turbant,
659 2919 728 2988 quod
747 2920 859 2971 lirruatur
878 2919 975 2973 Graeco
995 2921 1163 2987 ταράσσουσιν,
1189 2921 1237 2976 llb.
1275 2924 1311 2977 Bu

293 3016 318 3060 et
335 3009 357 3062 A
376 3007 496 3060 exhibent
519 3009 682 3061 conturbant.
727 3007 756 3071 7)
775 3005 830 3059 Orn.
858 3008 889 3060 A.
930 3007 1008 3060 Panlo
1033 3017 1091 3076 post
1115 3015 1315 3066 sumministrat

292 3096 352 3148 dant
370 3096 403 3147 W
421 3105 447 3150 et
463 3096 514 3148 lld.
550 3094 616 3145 Dein
634 3097 781 3164 conmimot
798 3093 885 3146 scribit
902 3095 933 3146 A.
969 3095 1073 3148 inverso
1091 3097 1180 3148 ordine
1199 3101 1244 3154 illc
1261 3097 1311 3153 alo-⁸

291 3183 414 3239 tiarattb.
440 3182 613 3254 spinaciis.
641 3180 729 3234 Statim
740 3185 861 3236 conciliis
870 3183 920 3236 bld.
945 3183 1130 3253 'lunrsortibua
1139 3187 1219 3256 lleap.
1248 3186 1312 3240 Dein
1363 3210 1365 3217 ¹

292 3277 463 3345 redarpuitos
480 3271 513 3323 W
530 3279 556 3324 at
573 3269 623 3333 Ra3
644 3279 785 3323 correctum
803 3278 891 3324 tamen
911 3280 950 3325 est
968 3274 994 3324 in
1012 3289 1062 3341 mg.
1081 3275 1170 3342 prioris
1187 3273 1244 3325 libri
1263 3293 1312 3330 re·

294 3365 406 3436 despuit.
443 3360 501 3413 linx
517 3367 651 3429 praenosset
668 3362 702 3412 nd
718 3361 830 3412 saluum
847 3361 939 3412 vitiose
964 3360 1057 3428 legitur
1075 3361 1101 3412 in
1114 3361 1144 3413 A.
1173 3360 1313 3431 Praeposit.

293 3454 328 3506 art
350 3465 365 3503 a
389 3465 408 3502 r.
434 3465 466 3501 rn.
484 3445 562 3498 habet
585 3445 643 3497 cod.
662 3444 702 3497 W.
744 3445 772 3510 9)
792 3451 882 3514 Quos,
908 3452 993 3518 iuquit
1018 3452 1156 3514 dominos,
1181 3452 1261 3518 dilipo
1280 3449 1311 3501 A.

294 3533 351 3590 vta.
369 3535 451 3602 Apoo.
470 3533 496 3598 ³,
517 3531 557 3584 19.
595 3531 640 3598 10)
658 3531 749 3586 Partic.
768 3544 800 3598 et,
820 3551 887 3603 quae
905 3535 974 3604 vulg.
993 3535 1110 3600 additur,
1128 3537 1312 3603 praeeuntibus

294 3622 365 3676 libris
374 3622 414 3675 W.
427 3619 508 3674 llacd.
520 3619 557 3671 llb
571 3619 630 3672 etA
644 3622 836 3690 expungendam
849 3623 943 3675 censui.
972 3621 1139 3674 Consentiunt
1151 3621 1208 3674 edd.
1222 3621 1311 3675 blann-
1417 3667 1418 3680 ,

294 3711 389 3764 stanna
402 3708 584 3761 antecedentes
597 3714 623 3760 et
633 3707 788 3762 llorellianu.
813 3709 951 3762 blanutinm
961 3712 1042 3762 secuti
1051 3717 1107 3761 sunt
1116 3707 1251 3774 Pumilus,
1265 3707 1311 3760 lli-

294 3797 385 3868 patrius
404 3786 542 3864 ceterique.
568 3793 618 3846 Pro
636 3798 678 3850 dei
688 3799 850 3851 sacerdotem
861 3795 919 3850 Ver.
933 3795 972 3849 W.
986 3795 1065 3848 Mabc.
1078 3794 1142 3860 llab,
1155 3811 1219 3848 nnus
1231 3795 1311 3863 Neap.

295 3891 322 3936 et
335 3883 358 3936 A
369 3879 489 3934 exhibent
500 3885 599 3937 domini
610 3887 779 3938 sacerdotem.
812 3883 863 3936 Sed
878 3883 945 3936 conl.
961 3881 1023 3952 Cap.
1033 3881 1096 3948 XV.‚
1109 3882 1152 3935 nbi
1163 3882 1227 3934 haee
1238 3889 1310 3934 aunt:
1417 3933 1418 3938 .

296 3972 329 4025 tta·
345 3972 433 4035 insta,
454 3973 482 4024 ai
499 3971 581 4036 licitu,
600 3973 627 4026 ai
643 3987 697 4024 unat
714 3981 806 4026 contra
826 3974 916 4041 ipsum
934 3974 1067 4026 demissum
1086 3990 1101 4024 a
1119 3971 1161 4024 dei
1178 3972 1312 4024 sacerdota
1417 3955 1418 3990 ¹

296 4059 418 4126 facienda
434 4059 496 4112 aiot
