2894 4804
788 432 852 498 tte

314 589 392 655 iecit
413 597 464 654 sut
484 579 643 654 herbarum
665 591 747 654 sucis
770 597 801 654 et
815 590 979 674 conchyliis
994 592 1133 675 tingrrere
1149 600 1181 657 et
1195 593 1330 659 colorare

314 703 398 768 lanas
422 703 532 782 docuit,
555 721 613 764 nec
635 702 780 766 distinctis
803 720 877 766 euro
900 703 1006 786 lapillis
1024 710 1054 768 et
1069 708 1236 788 margaritis
1252 726 1328 772 con·-

314 825 398 882 texta
420 818 500 880 serie
524 825 555 882 et
576 837 737 884 numerosa
760 838 897 904 conpage
920 819 1045 904 digestis
1064 822 1184 886 monilia
1199 825 1330 905 instituit,

314 935 420 1016 quibus
443 935 609 1015 cervicem,
642 933 843 1016 quemfecit,
880 934 1096 1016 absconderet,
1128 947 1161 1003 ut
1183 939 1332 1022 operiatur

286 1048 385 1114 oillud
415 1049 497 1130 quod
525 1047 601 1111 deus
630 1050 660 1111 in
693 1049 813 1113 homine
844 1049 983 1114 formavit
1013 1058 1043 1114 et
1074 1054 1275 1135 conspiciatur
1303 1053 1332 1116 id

313 1161 445 1244 desuper
467 1162 547 1245 quod
571 1162 707 1227 diabolus
729 1165 850 1228 invenit.
890 1165 938 1228 An
954 1167 1077 1230 vulnera
1094 1167 1199 1231 inferri
1214 1169 1332 1231 auribus

312 1277 387 1341 deus
410 1278 514 1356 voluit,
536 1278 642 1360 quibos
666 1279 813 1342 innocens
836 1277 970 1357 adhuo²t
994 1279 1116 1346 infantia
1132 1287 1162 1344 et
1176 1284 1332 1348 mali‘sae-

312 1392 419 1456 cularis
442 1393 547 1475 musra
570 1393 735 1473 crucietur,
766 1400 798 1458 ut
819 1401 926 1476 postes
949 1394 987 1458 de
1010 1397 1126 1460 aurium
1148 1398 1332 1462 cicatricibus

312 1515 342 1571 et
364 1509 501 1571 cavernis
523 1507 657 1590 pretiosa
679 1526 775 1591 grana
798 1507 1004 1590 dependeant,
1035 1511 1157 1593 gravia,
1192 1512 1252 1574 etsi
1274 1527 1332 1576 non

273 1637 299 1680 ro
311 1621 457 1704 pondere,
480 1622 622 1684 mercium
645 1622 833 1702 quantitate?
877 1623 960 1698 Quae
983 1625 1081 1687 omnio
1103 1632 1283 1707 peccatores
1305 1630 1333 1688 et

312 1742 465 1818 apostatae
481 1733 509 1816 ³)
540 1736 640 1820 angeli
671 1737 734 1799 suis
763 1737 876 1800 artibus
907 1737 1119 1820 prodiderunt,
1148 1739 1269 1821 quande
1298 1739 1333 1803 ad
1432 1811 1433 1844 q

312 1937 352 1988 W.
371 1935 447 1988 diabd
466 1944 492 1988 et
511 1936 530 1988 B
548 1952 595 2004 pro
613 1936 682 2006 vulg.
703 1940 803 2006 tinpere
820 1935 868 2004 (ita
887 1937 962 1988 etium
982 1936 1022 1988 ido
1040 1947 1066 1990 et
1084 1937 1223 2006 Aidhelm.)
1249 1943 1333 2010 recepi

311 2027 436 2095 tinqnera.
472 2023 529 2076 Vid.
550 2023 663 2094 Wagn.
689 2023 803 2093 orthogr.
822 2023 918 2093 Vergil.
941 2041 966 2092 p.
986 2024 1046 2078 478.
1086 2025 1152 2078 Male
1176 2031 1284 2100 adripere
1304 2027 1332 2080 A.

313 2110 392 2163 Paulo
410 2119 468 2179 post
480 2110 596 2165 Batonius
616 2130 663 2182 pro
682 2117 783 2184 lapillis
801 2115 826 2166 in
839 2111 897 2166 Not.
917 2115 983 2166 coni.
1003 2117 1111 2185 capillis
1130 2116 1208 2186 idque
1227 2116 1331 2185 posthac

313 2200 409 2251 invenit
432 2202 457 2252 in
480 2201 538 2254 cod.
558 2200 689 2254 Beccensi.
726 2199 789 2252 Turn
807 2205 971 2272 morqaritae
989 2218 1125 2272 perperam
1143 2201 1185 2256 Fr.
1206 2201 1333 2256 temnet.
1401 2189 1402 2194 ¹
1432 2241 1433 2246 η

313 2287 372 2340 Mox
394 2294 465 2344 seris
481 2287 539 2341 Ver.
559 2289 592 2339 W
609 2289 637 2358 (e
661 2291 748 2355 com).
767 2286 809 2342 Fr.
827 2287 909 2342 Emm.
929 2289 953 2342 t.
973 2299 999 2342 et
1024 2291 1083 2344 edd.
1101 2308 1149 2359 pn,
1169 2291 1268 2345 Munut.
1286 2308 1333 2344 ce·

313 2384 436 2446 tereeque
454 2378 620 2444 recentiores,
638 2381 726 2432 seriae
744 2376 801 2429 Mod
822 2385 848 2428 et
865 2393 918 2445 pr.‚
937 2386 965 2430 nt
982 2379 1100 2446 videtur,
1119 2379 1162 2445 W,
1180 2383 1257 2434 aeria
1276 2378 1331 2432 cdd.
1432 2449 1433 2454 Ἰ

313 2461 404 2516 Venet.
420 2464 443 2516 1.
462 2465 487 2516 2.
505 2465 599 2531 linum,
617 2469 707 2519 semea
724 2463 780 2518 Bc.
800 2465 858 2517 edd.
878 2465 1000 2518 Darentr.
1018 2466 1117 2522 Erasm.
1137 2467 1227 2534 Grau,
1247 2469 1333 2523 aerico

314 2553 389 2606 codd.
408 2551 549 2606 Benevent.
567 2553 647 2622 Neap.
666 2553 698 2620 A.
716 2557 816 2608 semeis
834 2553 891 2606 Vat.
913 2553 935 2606 i.
955 2563 981 2608 et
999 2554 1048 2622 Mc,
1067 2557 1147 2610 sirici
1158 2553 1208 2606 Mb.
1248 2552 1334 2606 Statim

313 2651 338 2695 et
363 2658 521 2696 sanmeroooe
546 2658 659 2711 conpage
684 2645 800 2712 depastis
823 2646 937 2696 munilia
954 2641 996 2695 Fr.
1015 2642 1097 2696 Emm.
1119 2643 1142 2696 t.
1178 2641 1236 2694 Nec
1259 2639 1350 2692 mnito'
1432 2685 1433 2702 ,

313 2737 373 2796 post
399 2733 568 2784 absconderet
593 2729 712 2782 exhibent
739 2729 815 2782 codd.
833 2729 893 2782 Ver.
911 2730 951 2783 W.
970 2729 1069 2783 Mobod.
1088 2729 1145 2782 Vat.
1165 2743 1271 2794 ornnes,
1297 2727 1334 2778 Fr.
1432 2747 1433 2790 i

314 2813 395 2866 Emm.
418 2815 457 2883 1.,
482 2824 583 2887 tresque
602 2816 688 2871 Baius.
709 2826 736 2870 et
756 2818 817 2870 editi
836 2826 895 2870 ante
913 2817 1006 2871 Munut.
1028 2818 1210 2887 (adscenderit
1229 2817 1274 2870 dat
1293 2814 1333 2884 A).

316 2899 409 2954 Contra
428 2907 605 2960 absconderes
623 2907 725 2973 scripsit
744 2907 828 2958 editor
845 2905 1021 2971 Manutianae,
1035 2899 1158 2976 'cumque
1180 2907 1264 2980 secuti
1281 2909 1336 2958 sunt
1432 2927 1433 2938 .

314 2987 409 3044 Pamel.
427 2991 519 3059 Rigalt.
540 2990 604 3044 Feli.
624 2990 710 3045 Baius.
731 2992 822 3045 Goldh.
860 2987 949 3044 Statim
968 3003 992 3047 et
1009 3009 1056 3062 pro
1074 2991 1163 3048 atila.
1194 2980 1258 3044 'de
1272 2993 1337 3063 qnod
1432 2987 1433 3048 i

317 3081 385 3146 qnod
401 3076 432 3144 A,
452 3079 574 3147 deinceps
592 3083 621 3133 in
639 3080 814 3134 tomiaemW
832 3089 858 3132 et
875 3078 904 3133 B.
940 3079 999 3132 Mox
1018 3085 1133 3150 desuper
1150 3083 1179 3133 id
1196 3079 1258 3132 edd.
1277 3085 1334 3131 ente
1432 3133 1433 3148 χ

316 3163 409 3218 Manat.
423 3181 512 3218 omnes
525 3175 551 3219 et
562 3167 719 3222 Moreiliena.
751 3173 854 3224 incenit
864 3186 911 3236 pro
924 3173 1058 3224 adinvenit
1069 3169 1245 3237 praebuerunt
1263 3165 1335 3220 codd.
1432 3163 1433 3168 ’

316 3255 396 3305 nostri
418 3269 515 3306 omues.
560 3254 590 3323 2)
609 3259 694 3311 adduc
717 3260 844 3310 innocens
864 3253 905 3310 Fr.
924 3255 1007 3308 Emm.
1027 3257 1050 3308 t.
1087 3255 1173 3308 Verba
1198 3260 1336 3310 cruciator

318 3367 350 3379 -
369 3329 407 3382 -’
420 3368 455 3378 -
481 3344 655 3411 dependeant,
682 3351 770 3411 utpote
788 3359 827 3412 pr.
846 3345 955 3408 omissa,
978 3343 1026 3394 alie
1044 3359 1078 3395 rn.
1099 3342 1230 3412 supplevit
1249 3344 1276 3394 in
1295 3339 1334 3392 W.

318 3431 463 3486 &nodatur
486 3430 599 3482 scribunt
622 3429 663 3484 Ma
688 3439 714 3482 et
732 3429 763 3483 A.
806 3430 834 3484 ln
857 3448 928 3501 seqq.
946 3431 986 3483 dic
1010 3430 1087 3484 habet
1110 3433 1236 3501 preciose
1254 3446 1337 3517 prens

318 3591 456 3658 dependeat
472 3535 576 3657 md
586 3586 704 3658 (pentina
722 3587 755 3640 ab
773 3605 794 3640 r.
813 3605 847 3642 m.
866 3606 943 3659 supra
961 3590 1084 3655 adiecto).
1120 3589 1182 3644 Item
1202 3589 1269 3642 male
1289 3591 1334 3643 dc·

317 3680 427 3748 pendeat
439 3673 470 3728 A.
500 3674 567 3738 Ante
584 3679 698 3746 pandera
716 3684 821 3728 anctore
834 3677 893 3730 Ver.
913 3679 985 3730 omisi
1003 3696 1063 3744 ono,
1082 3687 1141 3746 post
1159 3691 1222 3730 vero
1240 3685 1333 3742 tameo,

320 3764 388 3833 quod
406 3765 432 3814 in
452 3761 490 3814 ila
508 3778 528 3815 r.
546 3779 579 3814 m.
598 3764 793 3831 superscripsit,
812 3765 997 3832 praeeuntibus
1014 3765 1086 3818 libris
1104 3766 1143 3820 W.
1163 3764 1248 3819 iibcd.
1267 3763 1296 3816 B.
1314 3763 1335 3813 A

321 3859 348 3904 et
364 3851 405 3904 Fr.
424 3850 504 3904 Emm.
525 3849 557 3916 1.,
575 3851 636 3902 item
656 3851 696 3903 ed.
716 3851 809 3904 Manui.
841 3851 969 3921 Deinceps
987 3857 1118 3909 inerciam
1135 3853 1166 3907 A.
1202 3853 1232 3923 3)
1250 3873 1267 3906 ιι
1283 3869 1333 3922 po-

321 3947 412 3994 testate
430 3939 478 3990 Mc.
496 3940 527 3990 A.
565 3937 628 3991 Tum
646 3942 694 3994 aaa·
711 3944 797 4012 anysii
813 3945 877 3996 ende
895 3945 999 3997 cadius
1017 3942 1048 3996 A
1078 3943 1107 3995 ln
1125 3959 1196 4014 seqq.
1215 3945 1335 3999 desolato

320 4025 390 4082 idern
412 4025 486 4082 liber.
521 4025 613 4082 Statim
637 4031 669 4084 de
693 4032 802 4088 caetuti
824 4033 917 4102 sipara
932 4027 966 4084 W
983 4038 1011 4084 et
1027 4029 1243 4090 cusam-Ver.
1277 4027 1335 4084 Fir·
