2872 4806
797 441 841 506 et

315 597 493 662 uoluntates.
537 598 667 682 langere
689 617 757 662 cum
779 599 948 664 infidelitas
970 599 1122 664 vinculum
1147 599 1333 679 matrimonii,

314 715 496 794 prostituere
524 715 687 798 gentilibus
699 710 727 792 9)
757 716 891 778 ruerubra
917 715 1035 778 Christi
1080 715 1150 778 Non
1178 715 1279 776 iurare
1296 709 1335 792 ¹⁰)

313 834 426 890 tantun
454 834 585 906 temere,
617 827 673 890 sed
707 823 805 890 adhuc
839 828 928 890 etiam
959 829 1114 909 peierare,
1148 826 1335 908 praepositos

314 942 447 1022 superbo
470 950 586 1006 tumore
602 949 808 1020 contemnere,
830 948 980 1006 venenato
995 942 1053 1004 sibi
1068 960 1124 1004 ore
1146 939 1336 1018 maledicere,

286 1055 392 1120 tediis
426 1058 628 1138 pertinacibus
660 1058 789 1120 inuicem
823 1056 981 1120 dissidere.
1033 1055 1177 1136 Episcopi
1209 1055 1337 1136 plurimi,

317 1187 394 1250 quos
417 1176 448 1232 et
468 1170 657 1235 hortamento
674 1168 712 1248 ¹¹)
734 1189 805 1234 esse
835 1178 957 1253 oportet
987 1173 1102 1234 ceteris
1130 1177 1161 1232 et
1188 1168 1337 1250 exemplo,

317 1282 417 1348 divina
439 1285 651 1367 procuratione
673 1291 843 1366 contempta
861 1291 1077 1366 procuratores
1092 1301 1193 1347 rerum
1209 1280 1247 1358 ¹²)
1265 1300 1339 1344 sae-

317 1395 461 1458 cularium
483 1395 559 1474 lieri,
582 1395 726 1459 derelicta
743 1396 895 1476 cathedra,
918 1397 1008 1478 plebe
1022 1396 1144 1460 deserta
1157 1414 1213 1478 per
1227 1395 1340 1460 alienas

317 1509 487 1590 provincias
509 1509 705 1587 oberrantes,
733 1510 947 1591 negotiationis
970 1514 1172 1589 quaestuosae
1192 1506 1341 1572 nundinas

281 1633 308 1676 ¹⁰
320 1623 472 1706 aucupari,
496 1622 698 1686 esurientibus
720 1623 750 1685 in
774 1611 904 1685 ec'clesia
926 1622 1068 1684 iratribus
1089 1622 1203 1684 babere
1225 1637 1342 1702 argen-
1423 1651 1424 1664 r

318 1742 379 1798 turn
411 1735 537 1819 largiter
569 1737 668 1815 velle,
703 1735 814 1800 fundos
851 1736 1003 1800 insidiosis
1037 1735 1190 1800 fraudibus
1222 1751 1342 1814 rapere,

319 1848 419 1910 usuris
448 1848 709 1930 multiplicantibus
741 1847 830 1911 fenus
862 1867 986 1932 augere.
1032 1847 1110 1922 Quid
1139 1866 1202 1912 nou
1226 1847 1343 1929 perpeti

320 1961 394 2025 tales
417 1981 472 2045 pro
494 1965 626 2044 peccatis
649 1962 797 2027 eiusmodi
818 1982 1006 2027 mereremur
1022 1960 1078 2044 ¹³),
1107 1982 1175 2026 curn
1196 1964 1255 2026 iaun
1276 1964 1343 2044 pri-
1424 1985 1425 2014 ὲ

322 2073 389 2137 dern
420 2076 645 2156 praemonuerit
675 2094 711 2138 ae
730 2073 769 2154 ¹⁴)
802 2074 913 2138 dixerit
942 2094 1071 2140 censura
1102 2073 1200 2140 diviua
1221 2073 1278 2154 ¹⁵):
1309 2076 1344 2137 Si

282 2204 308 2248 re
321 2187 542 2270 dereliquerint
560 2185 601 2267 16)
634 2190 730 2270 lepenr
759 2209 859 2250 meam
891 2197 922 2250 et
952 2191 986 2250 in
1017 2189 1144 2252 iudiciis
1176 2190 1252 2250 meis
1281 2207 1346 2252 non

319 2299 562 2378 ambulaverint,
589 2301 618 2364 ei
640 2301 874 2380 iustificationes
890 2295 928 2378 Π)
950 2320 1035 2364 meas
1051 2302 1295 2384 profanaverint
1317 2310 1347 2366 et

390 2496 420 2566 9)
439 2501 559 2568 pentibus
577 2515 615 2568 pr.
629 2497 682 2564 blb,
700 2501 852 2566 infidelibus
871 2498 932 2550 edd.
950 2507 1013 2552 vett
1032 2516 1054 2552 c.
1069 2498 1197 2552 liembolt
1235 2500 1280 2565 10)
1299 2505 1345 2556 ei-

320 2595 378 2640 tare
389 2583 419 2636 Α.
451 2583 514 2636 Turn
531 2585 599 2637 idern
618 2603 641 2638 c.
654 2585 695 2637 llo
705 2589 836 2656 peiorare,
855 2586 897 2639 llb
909 2592 1060 2654 periurare.
1088 2586 1156 2638 Dein
1172 2592 1347 2658 praepositos

321 2688 371 2723 om.
390 2669 443 2736 lib,
465 2678 622 2742 propositor
646 2674 725 2725 habet
743 2673 774 2726 Α.
810 2675 899 2726 Statim
926 2679 1021 2727 timore
1038 2673 1094 2739 lld,
1115 2684 1217 2728 tumore
1241 2691 1274 2726 ex
1296 2691 1346 2728 em.

322 2757 369 2811 tte.
404 2759 433 2810 ln
458 2759 571 2812 clausula
594 2764 730 2815 discedere
747 2761 778 2814 Α
816 2761 862 2829 ll)
882 2771 1035 2815 ornamento
1052 2758 1100 2824 Bb,
1120 2769 1264 2816 ortonento
1285 2779 1348 2816 ease

322 2837 453 2915 oporteret
471 2846 500 2897 Α.
537 2845 582 2908 12)
601 2865 694 2917 repara
713 2847 754 2899 W.
773 2845 818 2899 lla.
838 2845 885 2900 llc.
922 2847 974 2899 Sed
992 2847 1025 2896 W
1043 2847 1068 2898 in
1085 2863 1136 2916 mg.
1154 2865 1255 2901 rerum.
1289 2847 1349 2899 llox

322 2936 416 2988 setara
433 2950 471 3001 pr.
490 2933 532 2985 W.
565 2933 594 2986 lu
611 2949 683 3004 seqq.
701 2953 735 2989 ne
755 2938 923 3005 capitationis
942 2935 1005 3002 (ste)
1023 2932 1076 2999 tta,
1099 2938 1289 3006 nepotintioaee
1309 2951 1348 3003 pr.

324 3038 376 3103 tlt,
395 3041 558 3108 nepotinrias
577 3026 688 3109 qutunse
706 3037 756 3089 lld.
790 3037 893 3091 Deinde
918 3048 977 3107 post
999 3043 1131 3108 frutribus
1155 3039 1221 3091 male
1244 3041 1350 3092 inseruit

324 3123 450 3177 Paurslius
468 3143 521 3178 non
538 3129 681 3180 subserrire
700 3142 732 3176 ex
750 3127 807 3178 cod.
821 3142 868 3177 suo
882 3124 1027 3192 cambron,
1045 3127 1071 3177 in
1090 3142 1139 3195 quo
1158 3127 1255 3178 invenit
1272 3129 1348 3177 etiam

325 3213 394 3265 nibil
410 3215 534 3280 tribuere,
554 3212 622 3282 quod
640 3215 665 3264 in
678 3212 719 3264 llb
732 3228 753 3264 r.
766 3229 798 3264 rn.
817 3229 886 3265 saec.
901 3212 965 3265 lllll.
983 3215 1048 3264 inter
1059 3229 1126 3266 vers.
1139 3213 1241 3264 adiecit.
1274 3210 1349 3264 Coni.

327 3297 466 3351 Gronov.
484 3300 540 3352 libr.
559 3318 582 3354 c.
600 3318 624 3368 p.
639 3300 698 3352 572.
737 3299 782 3368 13)
803 3301 987 3355 merenturbla
1006 3318 1029 3354 c.
1048 3301 1106 3353 edd.
1125 3299 1222 3352 Erasm.
1241 3308 1349 3352 antece-

327 3385 457 3452 dentibus,
469 3398 633 3443 mererentur
646 3388 677 3440 Α.
715 3387 761 3454 14)
774 3399 799 3442 et
810 3391 841 3439 A.
879 3388 926 3456 15)
938 3387 1029 3440 Psalm.
1043 3387 1210 3454 88‚31-33.
1242 3387 1349 3452 tenta-

328 3476 484 3543 reliquerint
499 3479 549 3546 filis'
566 3479 627 3530 eius
645 3475 683 3538 Α;
708 3477 734 3526 in
753 3475 794 3526 lllb
819 3491 838 3527 r.
857 3491 890 3526 rn.
910 3475 1005 3526 adiecit
1026 3478 1077 3543 pttt
1101 3478 1157 3540 tui3
1182 3478 1352 3544 dereliquerit

328 3559 407 3612 habet
430 3559 480 3613 lld.
516 3562 615 3616 lleinde
640 3567 666 3615 in
693 3568 748 3619 ciis
773 3568 840 3618 racis
865 3563 914 3615 lle.
958 3563 1003 3630 tt)
1027 3567 1149 3618 iustitias
1173 3563 1247 3615 codd.
1266 3561 1304 3614 Bb
1325 3570 1351 3614 et

330 3647 371 3699 lld
390 3665 413 3701 c.
431 3665 524 3702 novena
542 3651 701 3718 Bulunianis,
726 3668 772 3705 sex
790 3651 905 3720 Anglicis
929 3659 1007 3719 atque
1033 3650 1074 3703 ed.
1092 3649 1204 3716 llorell.;
1228 3669 1303 3704 nnus
1325 3652 1350 3701 in

329 3735 370 3788 lle
387 3751 408 3789 r.
426 3755 458 3789 ru.
477 3741 663 3808 superscripsit.
699 3738 748 3791 Pro
766 3749 905 3811 praecepte
931 3739 953 3790 Α
980 3739 1084 3791 exhibet
1108 3742 1237 3793 mandatu.
1275 3737 1350 3802 Quod

330 3828 446 3893 seqnitur
468 3845 526 3881 mea
551 3842 601 3879 om.
624 3826 662 3878 W.
700 3825 763 3877 Turn
791 3829 960 3880 semaraim
984 3833 1067 3878 nutat
1092 3827 1118 3877 in
1143 3826 1201 3877 edd.
1225 3824 1351 3877 Gratiana

332 3913 514 3981 antiquioribus
534 3922 560 3965 et
577 3916 604 3965 in
616 3913 770 3979 bisontinus,
788 3913 925 3966 lectionem
945 3921 1029 3966 auteur
1047 3918 1256 3979 observaverint,
1275 3929 1351 3982 quam

333 4007 421 4054 tenent
440 4001 593 4070 exemplaria
610 4001 718 4071 posthac
736 4003 805 4071 typis
823 4018 924 4072 excusa,
943 4009 1046 4055 tuentur
1063 4001 1137 4055 codd
1155 4003 1233 4056 nostri
1251 4016 1351 4066 omues,
