2894 4804
311 577 505 642 ecclesiastici
536 575 697 660 germinis,
730 573 823 638 decus
857 579 948 654 atque
976 577 1181 636 ornamentum
1209 571 1318 654 gratim

311 693 468 775 spiritalis,
498 691 575 752 laeta
597 689 733 768 indoles,
765 689 860 752 laudis
884 694 914 750 et
935 688 1058 752 bonoris
1082 706 1155 770 opus
1177 689 1319 770 integrum

310 813 402 887 atque
423 806 635 882 incorruptum,
658 799 707 863 dei
730 802 828 883 imago
850 798 1037 882 respondens
1053 799 1090 861 ad
1104 800 1320 864 sanctimoniam

311 917 438 994 domini,
460 916 614 978 inlustrior
636 915 735 994 portio
759 915 863 998 gregis
886 914 1001 976 Christi.
1046 912 1161 977 Gaudet
1182 933 1238 996 per
1259 914 1321 978 illas

285 1037 401 1112 satque
432 1031 461 1093 in
492 1030 550 1092 illis
566 1025 594 1106 ³)
624 1028 750 1110 largiter
781 1028 869 1092 floret
889 1027 1043 1092 Ecclesiae
1072 1030 1171 1090 matris
1194 1029 1322 1110 gloriosa

313 1144 497 1220 iecunditas;
521 1149 691 1226 quantoque
714 1143 780 1224 plus
804 1143 927 1223 eopiosa
951 1143 1104 1226 virginitas
1126 1161 1251 1206 numero
1270 1160 1322 1206 suo

272 1267 275 1276 “
311 1259 409 1338 addit,
439 1257 578 1346 gaudium
609 1245 709 1320 matris
742 1259 885 1341 augescit.
932 1257 977 1320 Ad
1001 1261 1055 1322 has
1077 1259 1240 1340 loquimur,
1271 1257 1323 1320 bas

311 1372 500 1436 adhortamur
512 1368 538 1450 ⁴)
562 1371 729 1435 adiectione
752 1374 851 1453 potius
875 1391 962 1454 quam
984 1380 1142 1454 potestate,
1165 1391 1223 1435 nec
1245 1369 1323 1452 quod

312 1488 437 1550 extremi
460 1493 488 1548 et
511 1487 620 1548 minimi
644 1493 674 1548 et
695 1486 862 1550 humilitatis
884 1494 1007 1552 nostrae
1030 1485 1185 1549 admodum
1213 1485 1324 1549 conscii

274 1609 300 1651 ¹⁰
313 1600 423 1681 aliquid
446 1599 482 1662 ad
507 1617 664 1662 censuram
693 1599 832 1664 licentiae
861 1599 1063 1678 vindicemus,
1093 1598 1149 1662 sed
1178 1600 1259 1680 quod
1291 1597 1325 1661 ad
1422 1615 1423 1640 t

313 1713 539 1778 sollicitudinem
575 1714 671 1796 magis
708 1714 784 1777 cauti
816 1715 882 1797 pius
915 1714 954 1777 de
987 1714 1096 1779 diaboii
1130 1712 1324 1778 infestatione

313 2001 469 2060 corruptum
486 1989 536 2041 bid.
572 1987 630 2042 box
653 1993 756 2060 imbec,
780 1996 958 2047 sanctimonio
975 1993 1031 2060 bia,
1055 1927 1105 2064 :gr
1127 1997 1326 2050 sanctimonium

313 2079 431 2146 (adar.
450 2095 482 2130 ru.
500 2079 639 2147 superser.)
659 2078 715 2143 lle,
733 2097 783 2148 per
798 2085 977 2135 canctimonia
995 2081 1041 2146 W,
1066 2085 1100 2136 od
1123 2085 1327 2137 corretimom‘nm

314 2167 370 2218 cod.
389 2165 414 2218 S.
435 2166 556 2234 Arnuipbi
574 2173 600 2218 et
618 2182 649 2218 ex
665 2169 759 2219 nostris
777 2165 805 2220 B.
841 2167 904 2220 item
923 2167 964 2222 Fr.
977 2168 1058 2224 Emm.
1077 2171 1102 2222 2.
1138 2169 1167 2238 3)
1183 2187 1233 2239 per
1251 2176 1326 2240 ipsae

312 2265 387 2325 atquc
404 2259 433 2309 in
452 2259 509 2308 iilic
521 2255 547 2308 S.
566 2254 754 2324 Augustino,
773 2267 797 2310 et
814 2260 843 2312 in
861 2261 918 2311 illis
930 2254 971 2309 Fr.
985 2257 1064 2310 Emm.
1078 2258 1103 2310 2.
1133 2257 1191 2309 illex
1208 2261 1327 2328 pluriora

312 2342 343 2394 Α.
373 2343 438 2395 Dein
456 2346 601 2414 virginitas
618 2347 726 2412 eopiosa
750 2343 817 2396 idem
840 2342 920 2408 liber,
946 2343 1064 2415 placiano
1086 2347 1155 2415 virp.
1174 2344 1198 2396 S.
1218 2345 1327 2413 Augu·
1429 2369 1430 2378 .

311 2434 405 2496 stin,
429 2448 556 2501 peameca
577 2448 603 2484 a.
629 2430 686 2482 cod.
712 2427 821 2483 Floriac.
846 2430 898 2483 illie
924 2434 966 2484 cit.
1002 2430 1060 2484 biox
1085 2443 1154 2486 tanto
1180 2436 1245 2502 plus
1271 2439 1328 2484 ante

309 2521 435 2589 guadium
459 2521 554 2571 matria
579 2533 627 2569 om.
647 2516 687 2569 W.
707 2517 769 2568 blac.
795 2515 831 2582 B,
856 2520 916 2571 item
944 2519 1040 2572 Tbuan.
1068 2517 1144 2572 Gorb.
1169 2528 1197 2572 et
1220 2519 1320 2573 Fossat.

312 2606 471 2672 conspirante
491 2604 532 2655 ed.
551 2603 658 2668 blanut.;
682 2615 752 2658 tanto
775 2606 830 2659 sine
853 2610 918 2676 plue
941 2607 1063 2659 exhibent
1080 2607 1136 2670 bid,
1161 2608 1211 2660 duo
1237 2607 1324 2672 italici,

310 2691 351 2742 Fr.
372 2690 452 2742 Ernm.
472 2690 496 2742 2.
514 2699 666 2761 veteresque
685 2692 742 2745 edd.
762 2710 784 2747 e.
799 2692 894 2746 Erasm.
909 2693 982 2748 (ἔην’.
1002 2705 1078 2763 atque
1098 2695 1208 2760 blorell.;
1228 2706 1327 2751 torrium

311 2779 401 2830 scribit
417 2778 483 2841 blb.;
510 2789 580 2833 tanto
603 2784 667 2849 plus
692 2780 738 2847 (ita
762 2781 832 2838 solus
851 2784 885 2850 Α)
904 2798 936 2834 ex
957 2783 1135 2853 Angustia.
1154 2783 1171 2835 i.
1190 2799 1212 2835 c.
1235 2787 1328 2852 primus

311 2868 408 2934 recepit
425 2865 559 2918 Pamelius.
595 2867 677 2931 Male3
705 2871 822 2921 omittunt
841 2871 908 2923 enim
927 2873 1001 2924 etiam
1019 2873 1045 2922 in
1064 2870 1252 2940 Augustini
1270 2871 1286 2923 l.
1307 2887 1327 2922 c

312 2955 386 3006 codd.
404 2953 467 3006 Fris.
487 2964 513 3006 et
531 2954 607 3008 Palat.
626 2966 697 3010 tanto
714 2961 787 3025 plus,
807 2957 954 3027 Windberg.
974 2966 1057 3010 autem
1083 2974 1158 3026 supra
1187 2957 1230 3010 lin.
1250 2957 1328 3011 babet

311 3052 418 3096 tentam.
455 3041 527 3094 Unde
545 3042 624 3112 liquet
641 3043 768 3096 voeabula
785 3055 856 3098 tanto
874 3050 946 3115 plac,
966 3055 1036 3100 tanto
1057 3047 1112 3097 sine
1130 3049 1194 3115 plue
1216 3055 1243 3097 et
1263 3059 1327 3100 tarr-

311 3142 366 3189 tnm
389 3148 457 3185 mera
484 3147 541 3184 esse
564 3131 723 3199 glossemata.
761 3130 822 3184 Tum
845 3137 966 3202 oupsasit
989 3133 1082 3202 legitur
1105 3135 1131 3185 in
1151 3132 1177 3185 B.
1225 3133 1256 3200 4)
1276 3137 1326 3187 baa

311 3227 467 3276 edoceamur
489 3219 529 3271 Fr.
548 3219 629 3272 Emm.
649 3220 673 3272 2.
708 3225 758 3274 bos
782 3225 918 3274 hortamur
943 3220 1000 3272 edd.
1020 3220 1188 3274 bianutianam
1217 3231 1327 3274 antece·

312 3308 402 3360 dentes
421 3315 447 3358 et
465 3306 578 3371 blaseii,
603 3312 652 3362 bns
676 3317 700 3361 et
725 3312 793 3362 ltort.
811 3308 841 3358 A.
885 3308 949 3359 Dein
974 3311 1119 3378 afflictione
1143 3309 1202 3362 edd.
1224 3307 1269 3362 SP.
1301 3316 1327 3360 et

312 3394 401 3447 Venet.
416 3395 439 3446 1.
469 3395 585 3448 Proxime
603 3413 651 3450 nec
670 3414 719 3466 quo
733 3396 773 3448 W.
791 3395 839 3448 bia.
858 3396 889 3462 B,
907 3414 940 3451 ne
958 3396 1089 3466 quodlib,
1108 3415 1156 3450 nec
1174 3401 1242 3466 quod
1259 3405 1329 3449 recta

311 3481 413 3547 Manui,
431 3501 483 3536 nort
496 3502 545 3552 quo
559 3483 598 3534 bid
612 3493 638 3535 et
649 3482 680 3548 Α,
700 3487 760 3536 item
773 3485 830 3537 edd.
843 3483 1014 3537 Erasmianam
1027 3485 1248 3554 praegredientes,
1268 3502 1320 3538 saon

227 3638 235 3648 Ι
312 3573 380 3639 quod
397 3569 436 3620 blc
455 3585 504 3621 una
525 3587 582 3623 eum
601 3572 660 3624 edd.
678 3570 777 3624 Erasm.
796 3572 892 3626 blorell.
911 3572 1004 3626 Pamei.
1024 3574 1167 3642 ceterisque
1193 3575 1326 3625 recentio-

311 3658 396 3724 ribus,
420 3676 472 3712 non
497 3662 598 3728 quidem
624 3663 692 3728 prend
710 3659 784 3714 Grau.
830 3660 917 3713 Statim
940 3667 973 3716 od
996 3665 1109 3715 extremi
1130 3664 1285 3715 altariolum
1305 3668 1329 3713 at

313 3749 471 3800 humilitatis
489 3748 519 3798 Α.
556 3746 636 3799 Deest
655 3752 792 3804 ndatodum
810 3751 834 3802 in
853 3750 910 3801 edd.
929 3759 987 3802 ante
1003 3750 1094 3802 blanut.
1114 3749 1237 3801 omnibus.
1270 3747 1327 3798 llox

313 3837 491 3888 mendicemus
511 3836 598 3888 scribit
610 3837 641 3901 A,
662 3841 829 3893 vendicemuc
841 3836 887 3890 lic.
920 3837 1019 3891 Deinde
1032 3843 1079 3892 aad
1091 3855 1140 3908 pon
1154 3837 1273 3889 exhibent
1286 3832 1326 3885 tid

315 3928 341 3970 et
353 3920 505 3988 exemplaria
517 3931 574 3976 ante
587 3921 684 3976 Erasm.
698 3925 774 3978 edita.
805 3925 866 3978 'lum
884 3927 1078 3981 colicitudr‘acm
1096 3923 1204 3993 simplici
1222 3925 1233 3976 l
1250 3937 1321 3974 com-

314 4014 388 4074 paret
405 4008 430 4058 in
447 4007 478 4060 b
513 4008 572 4063 Post
590 4015 676 4083 asapia
693 4013 752 4068 Ver.
771 4012 840 4066 addit
855 4016 995 4086 pertinent.
