2874 4806
581 417 644 483 159

105 581 160 655 est,
182 573 335 638 socundus
358 575 576 659 sexagenarius
598 582 701 639 vester
724 581 778 638 est.
823 573 861 637 Ut
877 571 916 651 Ι1)
941 573 1018 657 apud
1040 593 1123 638 mar-

104 697 187 772 tyres
209 707 272 752 non
294 695 341 752 est
364 690 463 753 carnis
487 696 518 752 et
547 689 663 752 saeculi
692 689 852 772 cogitatio,
882 706 941 751 nec
970 707 1062 772 parva
1094 695 1125 752 et

103 803 179 867 levis
202 809 232 866 et
255 801 380 867 delicata
403 805 592 887 congressio,
617 803 661 866 sic
685 810 716 866 et
737 804 768 866 in
798 803 902 883 vobis,
934 820 1059 884 quarum
1088 800 1126 865 ad

59 939 64 948 ·
102 917 228 999 gratiam
250 935 367 981 merces
390 917 522 981 secunda
547 924 611 996 est,
642 917 680 980 sit
708 923 738 980 et
761 917 856 980 virtus
880 916 916 980 ad
938 917 1126 980 tolerantiam

78 1032 250 1113 eproxima.
294 1031 362 1094 Non
386 1037 432 1094 cst
455 1031 492 1094 ad
514 1048 621 1113 magna
646 1030 741 1094 facilis
773 1047 920 1094 ascensus
938 1029 987 1108 15).
1032 1032 1128 1105 Quem

103 1145 245 1208 sudorem
267 1145 461 1228 perpetimur,
486 1162 575 1226 quem
594 1143 742 1223 laborem,
766 1162 834 1207 cum
856 1161 1000 1207 conamur
1015 1161 1127 1207 ascen-

103 1262 178 1324 dere
200 1261 294 1325 colles
318 1265 347 1322 ct
369 1260 499 1324 vertices
523 1260 665 1322 montium
683 1254 751 1337 16)’1
796 1258 891 1339 Quid,
924 1265 957 1323 ut
979 1256 1129 1320 ascenda-

103 1393 171 1440 mus
194 1375 231 1438 ad
254 1373 393 1438 caelum?
438 1353 469 1438 s‘t
491 1373 656 1454 praemium
678 1372 899 1455 pollicitationis
923 1371 1059 1436 attendas
1077 1366 1129 1452 ¹⁷),
1160 1429 1163 1436 .

102 1489 202 1552 minus
225 1493 272 1552 est
294 1470 374 1566 quod
396 1484 525 1548 laboras.
571 1483 768 1547 lnmortalitas
795 1487 1003 1566 perseveranti
1033 1485 1129 1567 datur,

65 1621 90 1663 m
103 1608 250 1686 perpetua
273 1602 334 1664 vita
355 1598 551 1682 promittitur,
582 1617 711 1684 regnum
739 1599 877 1664 dominus
897 1595 936 1680 18)
964 1601 1129 1685 pollicetur.

564 1799 675 1866 XVII.

194 1945 337 2024 Servate,
360 1945 514 2027 virgines,
537 1951 658 2008 servate
681 1943 762 2025 quod
785 1960 856 2007 esse
879 1945 1037 2025 coepistis,
1060 1961 1131 2006 ser-

104 2065 176 2122 vate
198 2058 279 2140 quod
301 2059 383 2122 eritis
402 2056 435 2136 ¹).
479 2059 588 2141 Magna
604 2055 633 2136 ²)
655 2075 711 2122 vos
737 2074 854 2121 merces
887 2066 1003 2138 manet,
1037 2077 1132 2140 prae-

104 2173 197 2238 mium
219 2173 334 2257 grande
364 2171 497 2250 virtutis,
528 2190 635 2236 munus
657 2173 817 2236 maximum
840 2173 990 2236 castitatis.
1035 2170 1129 2236 Vultis

103 2363 178 2416 locus
198 2359 283 2426 abeat)
303 2360 332 2414 B.
352 2361 383 2427 A,
408 2363 469 2414 item
488 2378 576 2414 omnes
595 2364 691 2430 antiqui
709 2363 783 2414 codd.
803 2361 901 2427 Belua,
920 2365 996 2416 etiam
1013 2363 1131 2432 Segnior.

106 2460 134 2504 et
152 2450 211 2504 odd.
229 2458 292 2503 vett.
315 2467 337 2502 c.
353 2448 443 2502 Ramb.
459 2459 485 2502 et
502 2449 600 2502 Erasm.
613 2450 699 2505 Baluc.
710 2449 800 2504 Goldb.
834 2451 906 2505 Coni.
921 2449 1061 2504 Gronov.
1075 2449 1131 2503 Ob·

7 2527 9 2532 *
107 2547 266 2593 servatorum
293 2539 319 2589 in
342 2535 512 2605 scriptoribus
539 2539 631 2591 eccles.
651 2539 792 2592 monobibl.
809 2558 835 2608 p.
855 2540 914 2593 571.
959 2541 1018 2593 llox
1043 2557 1131 2594 aerca-

105 2631 233 2698 9tncriaa
251 2625 299 2678 llc.
329 2623 391 2677 lum
410 2635 502 2680 creater
520 2624 551 2678 A.
589 2627 635 2695 14)
657 2630 693 2681 ltr
711 2643 760 2695 pn,
782 2645 815 2680 ex
834 2644 900 2681 corr.
918 2639 947 2684 ct
968 2628 1008 2682 W.
1045 2628 1134 2681 Statim

107 2718 180 2784 apud
199 2724 334 2784 martyras
352 2712 393 2765 W.
411 2711 453 2765 Fr.
472 2711 553 2774 Erum.
573 2724 601 2766 et
622 2732 660 2783 pr.
679 2715 760 2769 blabc.
807 2715 873 2768 Dein
896 2721 940 2772 ccl
964 2721 1069 2772 sacculi
1084 2716 1133 2768 Mc.

7 2865 9 2882 Ι
108 2801 185 2864 Quod
203 2803 318 2871 sequitur
336 2806 459 2872 copttma'o
478 2811 581 2854 enatum
603 2811 643 2856 eat
661 2820 675 2855 c
695 2807 815 2876 scolapio
840 2806 866 2857 in
883 2803 926 2870 W,
953 2807 1074 2876 capitatio
1094 2803 1134 2855 lic

110 2957 215 3010 exhibet
231 2959 258 3009 in
276 2967 408 3025 contextu,
427 2962 453 3012 in
471 2977 521 3030 mg.
542 2895 679 3033 caddono,
707 2963 778 3032 quod
789 2949 891 3015 'tonent
909 2962 967 3014 odd.
987 2937 1051 3014 vett.
1072 2965 1135 3027 (ex-

109 3055 186 3115 cepta
210 3046 345 3114 Daventr.)
370 3064 392 3098 c.
417 3047 544 3101 llembolt.
571 3057 597 3102 et
617 3049 709 3116 Gran,
734 3065 838 3120 quarum
866 3051 1005 3102 novissima
1029 3050 1056 3102 in
1083 3065 1140 3118 mg.-

109 3134 219 3206 pracbet
238 3136 375 3204 capitatio,
402 3135 471 3205 quod
489 3139 606 3204 agnoscit
626 3138 702 3190 etiam
720 3138 787 3190 liber
805 3138 928 3192 Darentr.
968 3141 1136 3193 Contrectctic

108 3225 205 3294 legitur
228 3223 254 3273 in
271 3219 331 3273 Ver.
368 3220 418 3274 Sed
444 3225 521 3291 a‘upra
546 3231 667 3277 mutatum
695 3227 825 3294 ospitatio.
863 3227 1018 3279 Ooltactctio
1046 3225 1089 3276 dat
1107 3223 1137 3278 B.

109 3381 172 3434 blox
181 3327 291 3448 ’1101160
309 3396 325 3432 a
342 3396 362 3432 r.
389 3397 422 3431 m.
441 3381 580 3448 superam.)
599 3380 650 3433 blb.
686 3380 736 3434 Pro
755 3384 866 3436 delicata
885 3381 925 3434 Mc
942 3398 981 3451 pr.
1000 3383 1138 3438 exhibebat

112 3473 219 3536 delicta,
237 3473 356 3524 dedicata
368 3467 442 3520 cuce
453 3467 484 3522 A.
517 3467 579 3520 Tum
598 3472 627 3522 in
645 3472 722 3524 notio
736 3468 776 3520 Mc
795 3477 821 3520 et
838 3470 956 3536 proxime
975 3473 1008 3524 ad
1026 3475 1140 3541 plocium

111 3575 215 3612 merces
232 3558 264 3610 A.
307 3556 336 3608 lu
354 3572 425 3626 seqq.
445 3565 485 3608 est
509 3559 550 3611 cic
574 3571 622 3623 pro
646 3559 684 3610 ait
708 3557 733 3607 in
751 3554 794 3609 Fr.
813 3554 896 3608 Emm.
915 3554 935 3607 B
955 3564 981 3607 et
999 3555 1030 3611 A.
1072 3556 1140 3609 Dein

113 3649 149 3700 ad
167 3649 344 3700 tollmcntiam
361 3644 475 3696 scribunt
492 3643 573 3696 llabc.
594 3642 623 3696 B.
642 3642 673 3696 A.
711 3644 757 3709 15)
777 3660 906 3698 ccceaaaaa
920 3640 971 3695 Md.
1008 3641 1053 3712 16)
1072 3661 1137 3698 cca·-

20 3801 22 3808 y
114 3737 192 3787 licem
215 3731 416 3797 mancipanda,
442 3735 570 3786 montium
593 3734 710 3788 corticea
727 3732 758 3784 A.
807 3730 852 3797 17)
877 3733 1009 3786 ιιιοιιιᾰιιι
1033 3746 1071 3797 pr.
1090 3729 1139 3796 blc,

115 3823 232 3874 attendat
249 3817 280 3872 A.
319 3818 363 3886 18)
384 3823 509 3874 dominae
528 3835 578 3873 om.
597 3818 629 3873 A.

187 3906 260 3960 xvu.
288 3905 317 3976 1)
342 3911 440 3964 debelii
465 3907 516 3961 Md.
561 3908 590 3977 2)
610 3907 691 3962 Deest
718 3910 744 3961 in
762 3908 795 3962 A.
839 3906 889 3962 Pro
916 3925 967 3963 cce
993 3906 1034 3960 bib
1062 3905 1143 3960 habet

117 3997 206 4060 valia,
223 3992 266 4048 m.
284 3993 367 4047 Emm.
386 3994 412 4047 2.
430 3998 460 4050 ιἰι
475 3997 560 4051 cotia.
597 3994 656 4048 uox
673 3998 804 4054 uirtutum
821 3993 852 4048 A.
879 4017 885 4029 ·
