2894 4804
685 409 941 494 'iit

324 586 438 650 muodo
459 593 588 662 utootor
611 587 704 669 quusi
725 603 790 650 ooo
810 593 959 662 otootur5
977 585 1130 664 praeterit
1145 579 1224 648 cuim
1236 587 1336 668 βψω*

323 700 416 762 iuius
439 701 578 764 monui..
607 701 713 764 Petrus
743 701 846 778 etium,
877 702 926 762 cui
956 715 1030 763 oves
1061 715 1131 762 suus
1161 698 1293 762 domiuus
1306 695 1332 776 ⁶)

322 797 489 896 poscendas
511 814 698 896 tuendosque
721 813 922 893 commendat,
952 829 1043 896 super
1072 831 1160 894 quem
1188 814 1285 894 posuit
1306 817 1332 874 ct

323 925 455 990 fundavit
478 927 655 1006 ecclesium,
687 945 790 990 curum
820 927 937 1008 quidem
962 901 1018 989 situi
1042 943 1111 990 esse
1135 932 1164 989 et
1186 931 1333 1010 argeutum

296 1035 470 1123 tnegai‘7),
500 1040 555 1103 sed
586 1057 655 1104 esse
684 1059 718 1104 se
750 1040 820 1102 dicit
842 1040 950 1102 Christi
980 1039 1075 1122 grstia
1104 1039 1236 1118 divitem,
1268 1055 1332 1100 esse

322 1153 380 1216 fide
411 1155 475 1216 eius
508 1160 537 1215 et
568 1155 678 1238 uirtute
708 1153 902 1237 locupletem,
937 1154 1042 1235 quibus
1073 1155 1162 1216 multu
1193 1151 1333 1235 magnatio

321 1286 387 1334 cum
418 1268 559 1331 miraculo
590 1266 718 1348 iaceret,
750 1269 857 1350 quihus
888 1267 925 1331 ed
949 1252 1080 1348 ‘grotirm
1110 1266 1226 1349 gloriae
1251 1265 1332 1327 bouis

321 1381 500 1466 spiritalibus
524 1381 696 1445 abundaret.
740 1382 800 1446 Has
823 1400 904 1466 spes,
926 1380 979 1444 hus
1003 1381 1119 1444 diuitias
1131 1375 1159 1458 ⁸)
1179 1379 1332 1463 possidere

226 1569 229 1578 ‚
320 1514 381 1559 mon
411 1500 511 1577 potest
540 1515 617 1577 quae
647 1515 681 1558 se
710 1495 829 1558 divitem
861 1496 983 1558 soeculo
1016 1496 1127 1558 mauult
1151 1511 1222 1558 esse
1251 1511 1332 1576 quum

282 1627 309 1672 ro
322 1610 449 1674 Christo.
481 1610 673 1692 Locupletem
684 1616 714 1673 to
731 1605 845 1688 dieis⁹)
861 1616 891 1672 et
907 1609 1035 1689 diuitem,
1051 1615 1080 1680 et
1095 1609 1238 1673 utendum
1252 1612 1332 1690 putus
1431 1657 1432 1700 4

321 1725 376 1804 his,
400 1741 477 1806 quoe
499 1723 657 1806 possidere
685 1730 716 1786 te
746 1723 820 1786 deus
852 1710 953 1804 votuit.
991 1711 1107 1802 Utere,
1138 1722 1191 1786 sed
1223 1720 1258 1788 od
1286 1733 1332 1782 res
1431 1775 1432 1784 ,

321 1838 466 1926 solutores
490 1846 520 1900 et
542 1839 636 1901 bonus
659 1843 739 1901 ortes
754 1833 809 1916 ¹⁰);
832 1844 928 1917 utere,
951 1838 1006 1901 scd
1029 1837 1066 1901 od
1088 1837 1147 1916 iilo,
1171 1853 1249 1917 quoe
1264 1834 1332 1896 deus
1431 1829 1432 1832 ’

321 2144 394 2198 obest
415 2144 447 2196 ab
467 2143 497 2198 A.
533 2145 582 2220 Pro
605 2149 692 2217 figora
716 2142 769 2196 Ital.
791 2141 815 2194 i.
833 2141 908 2194 otiort
933 2145 1047 2196 tuebitur.
1094 2139 1123 2207 6)
1143 2138 1198 2194 Oro.
1219 2140 1243 2194 h.
1262 2154 1286 2191 v.
1304 2138 1333 2188 Α.

321 2236 349 2299 7)
369 2233 425 2286 Act.
445 2231 475 2298 3,
494 2234 519 2286 6.
555 2232 641 2285 Statim
666 2235 714 2286 ceci
737 2249 767 2302 eo
786 2234 850 2285 elicit
868 2233 971 2308 Christi
989 2231 1075 2300 qratia
1093 2231 1198 2284 diuitem
1219 2243 1279 2281 osce
1296 2223 1332 2275 ed.

321 2338 368 2390 pc,
387 2336 437 2375 om.
457 2324 559 2376 Christi
576 2319 633 2372 rell.
653 2319 709 2371 libri
728 2319 790 2371 editi
809 2316 985 2383 anichiorum,
1004 2320 1029 2369 iu
1049 2333 1100 2387 quo
1119 2319 1229 2385 primum
1247 2312 1335 2382 legitur

318 2412 366 2464 red
382 2426 443 2463 cero
460 2411 571 2462 redirit
590 2411 692 2462 Gir-isti
709 2410 928 2476 oratiotionem:
963 2405 1069 2457 inverso
1087 2404 1176 2456 ordine
1195 2401 1230 2452 W
1244 2400 1332 2452 hebet:

314 2499 365 2556 ,ecci
382 2511 443 2550 orer
460 2510 491 2548 rc
508 2498 613 2550 divitem
630 2497 693 2548 cieo
706 2497 808 2548 Otcriuti
818 2498 913 2563 oratio.
944 2491 1002 2544 Mox
1014 2510 1074 2548 coeo
1086 2507 1136 2544 om.
1150 2491 1192 2542 ed.
1206 2489 1334 2550 Dareum,
1431 2517 1432 2524 .

317 2599 378 2636 croc
397 2589 423 2633 et
440 2585 499 2636 eius
512 2581 561 2634 tib.
597 2581 624 2632 tu
643 2598 714 2650 seqq.
733 2585 809 2636 iouis
827 2584 1017 2650 spiritualibus
1036 2579 1079 2630 dut
1097 2578 1146 2645 iiie,
1166 2579 1334 2648 spiritulibus
1431 2565 1432 2606 ἕ

318 2673 397 2722 dorric
406 2667 454 2721 Md.
474 2668 535 2720 Tum
544 2673 704 2724 habundaret
715 2667 871 2721 exstatinW.
882 2668 946 2719 ttad.
958 2665 978 2718 B
989 2675 1014 2718 et
1024 2667 1064 2719 ed.
1076 2665 1200 2718 Daventr.
1230 2666 1260 2731 8)
1270 2668 1335 2718 istor

318 2761 428 2812 divitior
447 2757 505 2811 cdd.
525 2766 588 2810 vett.
608 2775 629 2810 e.
649 2758 737 2809 Remb.
757 2757 853 2809 Erusm.
873 2764 949 2824 utque
969 2755 1075 2818 Morou..
1095 2765 1118 2808 ct
1136 2756 1216 2808 divio.
1236 2757 1287 2806 hor
1305 2749 1333 2800 A·

318 2844 385 2895 Dein
409 2849 552 2914 possedero
577 2845 626 2899 tto.
661 2844 732 2896 Idem
757 2853 782 2895 et
806 2843 828 2896 tt
855 2846 899 2911 qui
922 2859 961 2895 eo.
1005 2841 1093 2894 Statim
1121 2843 1228 2894 diuitem
1253 2839 1335 2908 mocio

318 2937 427 2987 cauculo
445 2937 502 2987 vult
526 2951 586 2987 erro
603 2933 659 2998 Mb,
685 2936 709 2986 d.
729 2935 822 2986 occulo
840 2935 926 3002 moyie
945 2933 1003 2984 cult
1022 2947 1082 2982 osce
1101 2927 1140 2980 Mo
1160 2921 1335 2986 citissimi,

317 3021 378 3070 item
398 3020 455 3072 cdd.
475 3029 536 3072 veti.
556 3037 578 3072 c.
591 3019 680 3071 tiemo.
700 3027 725 3070 et
737 3016 834 3068 Erasm.
866 3020 966 3072 Mavult
985 3018 1080 3085 primus
1099 3016 1200 3084 scripsit
1214 3013 1334 3072 Grauius3

317 3110 411 3161 moluit
435 3108 511 3158 habet
535 3107 583 3160 tto.
628 3107 657 3175 9)
683 3116 706 3160 to
730 3124 790 3159 rosc
814 3109 883 3158 dicio
907 3104 965 3156 cdd.
992 3111 1049 3156 ante
1074 3102 1167 3154 Manui.
1194 3116 1283 3152 omncs
1312 3089 1368 3146 et.'

318 3192 415 3245 Morcll.
440 3193 508 3246 8εά
533 3211 599 3266 osso
613 3200 755 3260 suspectum
778 3191 825 3242 tuit
851 3193 902 3256 ium
926 3189 1032 3257 Gravis,
1059 3208 1116 3243 cum
1141 3190 1248 3242 verbum
1274 3185 1335 3238 iliud

317 3281 491 3334 minutioribus
515 3283 581 3350 typis
607 3280 781 3333 excudendum
806 3281 939 3331 curaverit.
983 3278 1040 3329 ttox
1063 3281 1174 3333 utendos
1198 3276 1293 3346 iegitur
1311 3275 1334 3323 iu

279 3359 283 3367 ¹
318 3367 350 3422 Α.
384 3367 450 3421 Dein
467 3384 514 3437 pro
532 3373 569 3423 iis
587 3366 627 3418 W.
647 3366 718 3418 Msbc
736 3375 762 3418 ct
780 3364 800 3418 B
818 3367 989 3435 praebuerunt
1007 3369 1066 3434 trio,
1093 3367 1165 3417 ouius
1189 3363 1248 3418 loco
1272 3362 1335 3413 init

319 3463 346 3508 et
364 3455 404 3507 ttd
427 3465 466 3508 est
489 3458 550 3510 tuiis.
587 3453 702 3506 Proxime
720 3453 761 3506 tto
787 3453 864 3505 habet
888 3464 911 3508 te
936 3457 1022 3508 votuit
1045 3457 1118 3508 dous.
1166 3453 1211 3522 10)
1239 3451 1276 3504 ita
1296 3446 1333 3498 W·

318 3541 523 3596 tribueret
541 3541 644 3608 Manut,
665 3551 737 3605 utero
756 3571 786 3579 -
807 3553 831 3595 et
848 3546 881 3597 od
900 3547 956 3597 tort.
976 3553 1025 3596 ort.
1040 3541 1089 3608 tto,
1108 3544 1169 3594 item
1189 3541 1247 3592 cdd.
1260 3548 1331 3604 vett,

318 3642 399 3697 utero,
417 3633 465 3685 scd
482 3633 515 3684 oct
532 3647 577 3683 rer
595 3633 748 3697 solutam,-
764 3639 847 3694 utero,
866 3634 913 3686 cort
925 3634 959 3684 od
970 3634 1026 3685 toro.
1042 3640 1092 3684 art.
1105 3630 1155 3682 duo
1169 3627 1224 3682 itui.
1242 3645 1263 3682 c.
1278 3627 1334 3680 edd.

318 3717 415 3770 tirum.
432 3714 504 3768 Grau.
520 3717 615 3769 Morelt.
629 3726 655 3769 ct
673 3716 728 3769 rell.
758 3716 824 3769 Dein
844 3729 916 3772 utero
936 3723 969 3772 ort
988 3722 1044 3782 itta,
1063 3722 1110 3773 sed
1130 3736 1195 3788 quor
1214 3721 1281 3774 douo
1293 3714 1332 3765 W·

318 3805 366 3856 Ma·
385 3803 420 3868 B;
447 3833 478 3844 -·
503 3809 537 3859 oct
553 3809 616 3859 iiiuc
635 3805 672 3871 A,
697 3816 770 3860 utere
793 3809 826 3860 art
852 3810 900 3860 uta
918 3827 942 3876 q.
962 3810 986 3861 d.
1006 3807 1061 3859 Med
1086 3815 1239 3875 veteresque
1268 3803 1334 3866 edd..

318 3935 392 3982 utero
414 3895 458 3948 Μ’
481 3944 548 4002 quoe
572 3929 629 3994 (hie
647 3927 679 3982 rb
698 3926 729 3982 at.
748 3945 780 3983 m.
801 3930 942 4003 superscr.)
960 3923 1028 3983 tto!
1046 3929 1108 3984 Tum
1130 3931 1259 4002 procopii
1276 3927 1332 3980 ter.

319 4021 346 4066 ot
362 4013 411 4070 Mu.
