2874 4806
771 389 834 456 tot

291 549 400 628 suerit,
424 549 596 628 confundet
617 567 685 608 eum
705 547 791 627 filias
813 548 955 609 hominis.
998 545 1036 610 Et
1058 545 1257 612 christianum
1280 567 1313 613 se

291 671 374 748 putat
397 665 446 745 qui
464 663 647 726 Christianus
672 680 741 725 esse
765 657 854 737 aut⁶)
878 661 1071 725 contunditur
1093 667 1142 725 aut
1164 664 1312 726 veretur?

291 776 449 854 Quomodo
480 781 579 857 potest
608 792 677 844 esse
699 768 724 852 ⁷)
761 793 827 837 cum
859 774 977 838 Christo
1012 775 1063 856 qui
1097 773 1135 837 ad
1165 773 1313 840 Christum
1419 789 1420 794 ’

290 895 442 976 pertinere
465 897 516 952 aut
540 888 692 952 erubescit
714 895 765 951 aut
786 888 916 951 metuit?
961 887 1058 950 Minus
1076 883 1104 967 8)
1127 888 1215 970 plane
1237 907 1313 972 pec-

265 1005 406 1069 ecaverit
428 1021 489 1066 non
511 1001 641 1065 videndo
664 1001 763 1086 idola,
794 1020 851 1064 nec
881 1003 936 1065 sub
969 1002 1064 1066 oculta
1095 1003 1313 1066 circumstantis

291 1125 380 1198 atque
403 1114 570 1178 insultantis
592 1113 695 1195 populi
718 1114 904 1175 sanctitatem
927 1111 996 1175 fidei
1018 1111 1222 1196 profanando,
1254 1135 1313 1180 non

289 1229 451 1313 polluendo
475 1246 578 1292 manus
606 1245 676 1290 suas
710 1226 835 1290 funestis
866 1227 1039 1304 sacrificiis,
1069 1246 1127 1290 nec
1157 1231 1312 1294 sceleratis

291 1346 364 1408 cibis
395 1361 448 1406 ora
478 1341 662 1405 maculando.
708 1341 772 1404 lloc
803 1335 884 1418 eo⁹)
915 1341 1051 1422 prolicit,
1082 1349 1115 1405 ut
1137 1345 1185 1436 ⁸sit
1215 1346 1313 1408 minor

292 1459 393 1540 culpa,
423 1474 484 1519 non
514 1461 546 1517 ut
576 1454 722 1515 innocens
756 1452 948 1515 conscientia.
993 1452 1120 1515 Facilius
1153 1463 1257 1536 potest
1277 1457 1313 1520 ad

254 1575 407 1638 roveniam
430 1567 753 1650 criminispervenire.
798 1567 864 1630 Non
889 1574 937 1630 est
953 1562 993 1646 ¹⁰)
1023 1575 1121 1632 tamen
1144 1570 1274 1634 inmunis
1296 1589 1313 1634 a

291 1688 421 1749 crimine.
465 1685 529 1748 Nec
549 1682 586 1761 ¹¹)
615 1689 714 1762 cesset
745 1684 776 1744 in
808 1682 925 1766 agenda
958 1685 1138 1765 paenitentia
1170 1691 1262 1766 atque
1284 1687 1312 1748 in

291 1799 402 1878 domini
423 1796 631 1868 misericordia
651 1794 857 1877 deprecanda,
887 1814 928 1857 nc
957 1795 1037 1876 quod
1069 1798 1165 1862 minus
1190 1817 1262 1862 esse
1284 1801 1313 1862 ln

291 1913 429 1994 qualitate
454 1910 553 1974 delicti
575 1908 696 1973 videtur
718 1910 748 1972 in
764 1909 903 1992 neglecta
918 1909 1121 1976 satisfactione
1136 1915 1310 1979 cumuletur.

292 2097 499 2110 *-

292 2213 424 2277 confusus
441 2210 526 2278 fuerit
543 2225 584 2262 me
603 2224 692 2260 eorem
712 2208 878 2270 hominibus,
903 2209 1050 2274 confundet.
1087 2197 1181 2260 Contra
1205 2211 1233 2262 in
1258 2211 1313 2264 aliis

292 2295 391 2347 duobus
409 2298 531 2364 scrIptum
554 2303 608 2348 est:
634 2297 688 2362 Qui
711 2310 752 2347 ma
777 2297 921 2365 consessus
944 2297 1041 2362 licerit,
1067 2299 1230 2364 confitetitur·
1255 2316 1312 2353 eum

290 2387 364 2452 fitius
395 2387 517 2438 hominis.
575 2383 618 2435 Sie
652 2385 728 2434 etiarn
758 2383 833 2448 epist.
857 2380 898 2433 tx.
922 2397 947 2446 p.
975 2380 1015 2434 18.
1065 2385 1097 2433 At
1121 2381 1213 2450 lectio,
1246 2400 1312 2454 quae

290 2470 377 2521 habet:
398 2475 451 2537 Qui
468 2475 614 2541 confusus,
637 2478 719 2522 exstat
737 2471 813 2521 etiam
832 2471 905 2538 epist.
924 2467 1008 2520 LXIII.
1027 2486 1052 2537 p.
1073 2470 1131 2523 109.
1170 2471 1227 2540 Ego
1248 2482 1309 2542 puto

289 2556 355 2609 hanc
373 2556 564 2625 discrepantiam
584 2575 641 2612 esse
659 2556 820 2625 inputandam
838 2557 977 2609 temeritati
999 2556 1182 2611 librariorum.“
1219 2565 1309 2616 flatu.

288 2647 364 2698 se'oa.
385 2673 415 2682 —
435 2646 697 2716 marcomedis,
724 2649 867 2715 eosafeesue
894 2662 935 2698 me
953 2643 994 2696 lib
1021 2653 1047 2698 et
1063 2644 1109 2700 Bb.
1146 2646 1207 2699 Post
1229 2653 1312 2716 fuerit

290 2728 327 2782 Ba
346 2731 414 2782 addit
432 2749 522 2786 coram
539 2737 697 2788 homiuibus.
733 2732 798 2784 Dein
818 2736 995 2799 commodetur
1013 2733 1091 2786 habet
1106 2732 1155 2800 Bb,
1175 2744 1201 2787 ct
1218 2738 1254 2789 ita
1273 2752 1310 2804 pr.

289 2817 425 2886 legebatur
442 2819 518 2870 etiam
536 2821 561 2871 in
574 2818 622 2885 tte,
641 2821 735 2888 inquo
755 2837 775 2872 r.
790 2836 822 2871 rn.
840 2818 947 2887 posthae
964 2839 1000 2874 ser
1019 2823 1153 2889 expunxit3
1173 2832 1311 2895 confitetor
1339 2879 1341 2882 .

291 2905 334 2956 dat
351 2903 407 2969 tto,
427 2910 586 2974 confundam
603 2910 646 2961 eet
663 2911 838 2976 confundetur
857 2925 918 2960 eum
935 2911 988 2976 filio
1007 2913 1123 2965 tomioie
1141 2919 1166 2964 et
1184 2929 1229 2981 epo
1250 2930 1311 2967 eam

290 3010 380 3047 coram
403 3003 478 3063 patre
500 3011 571 3060 mco,
597 2998 641 3064 qut
664 3004 704 3050 cat
726 2997 756 3047 in
781 2998 863 3048 caelis
887 2995 974 3047 scribit
998 2997 1029 3048 Α.
1073 2995 1134 3048 'lum
1157 3001 1243 3068 littam
1266 2998 1309 3051 Ba.

290 3079 322 3145 6)
342 3091 396 3148 aut,
417 3081 485 3148 quod
503 3082 577 3133 deest
593 3083 619 3133 in
637 3082 678 3133 ed.
697 3081 800 3146 Manat,
819 3083 843 3132 in
863 3081 975 3152 Gotting.
996 3084 1134 3154 exemplari
1152 3087 1200 3137 vir.
1220 3086 1309 3158 doctus

291 3183 322 3218 ex
341 3167 397 3219 Vat.
416 3169 440 3219 t.
460 3149 621 3221 adnotavit.⁸
645 3169 676 3238 7)
702 3186 762 3223 ease
786 3170 810 3220 in
828 3169 861 3219 W
879 3187 899 3222 r.
918 3187 950 3223 m.
976 3173 1159 3240 superscripsit.
1202 3171 1253 3224 Pro
1279 3175 1310 3227 od

291 3257 428 3308 Christum
446 3257 471 3307 in
489 3241 513 3308 a
531 3264 613 3309 exstat
630 3261 664 3312 ed
679 3259 778 3326 ipsum.
816 3257 882 3310 Dein
898 3265 1030 3329 pertinere
1046 3279 1077 3315 se
1095 3263 1119 3314 in
1139 3261 1196 3312 llad
1216 3268 1244 3314 et
1262 3262 1307 3326 Ba,

290 3357 398 3409 moxque
422 3346 542 3397 metuerit
565 3345 590 3395 in
609 3343 641 3396 A.
682 3343 711 3412 8)
731 3348 823 3398 Minue
850 3356 934 3401 tameo
953 3347 1001 3400 Mc.
1036 3348 1124 3401 Statim
1141 3353 1261 3419 peccauit
1278 3347 1308 3400 Δ.

290 3427 317 3478 In
335 3444 406 3497 seqq.
424 3434 562 3484 sanctitate
579 3428 615 3481 Ba
635 3439 661 3481 et
673 3431 722 3496 tta,
743 3439 795 3484 tum
814 3437 857 3486 dei
875 3451 921 3502 pro
939 3439 1000 3506 fidei
1013 3436 1063 3488 llb.
1094 3436 1222 3505 Deinceps
1239 3455 1307 3508 pro-

288 3518 426 3585 phananda
444 3515 483 3580 t,
507 3525 532 3568 ut
557 3517 606 3596 adp
622 3516 709 3570 Baluz.
746 3519 775 3587 9)
794 3538 840 3591 epo
858 3519 905 3573 Bb.
942 3523 999 3575 dior
1024 3528 1096 3578 culta
1113 3521 1159 3575 Ba.
1196 3523 1241 3592 10)
1269 3533 1308 3578 eet

289 3617 339 3653 om.
359 3603 389 3653 W
409 3611 435 3653 et
452 3603 500 3655 lla.
537 3603 583 3672 11)
601 3608 639 3658 Ne
658 3605 695 3658 Bb
714 3623 737 3658 c.
755 3606 787 3672 A,
805 3626 916 3664 neeesse
934 3621 974 3664 eat
991 3611 1024 3661 W
1042 3619 1067 3663 et
1086 3610 1141 3677 tta,
1160 3616 1190 3665 in
1208 3615 1306 3683 spendo

288 3706 398 3743 trescase
416 3699 455 3743 ert
471 3695 630 3758 paenitentia
647 3691 699 3760 Da,
724 3697 750 3746 in
770 3701 894 3766 rependam
911 3703 1097 3768 paestitenta'am
1115 3716 1153 3767 pr.
1172 3697 1223 3751 ttb.
1259 3698 1306 3749 Pro

290 3777 390 3828 domini
402 3775 437 3826 Ba
450 3779 506 3845 dci5
523 3780 552 3830 in
563 3782 694 3834 dornicica
713 3785 876 3852 deprecanda
889 3785 936 3852 Bb,
955 3795 1007 3838 turn
1025 3788 1237 3840 misericordiam
1256 3788 1303 3838 dc-

287 3865 464 3929 praecandam
480 3879 518 3930 pr.
531 3864 581 3931 Mb,
599 3871 762 3936 deprecanda
779 3874 817 3925 eit
833 3883 975 3942 promptae
986 3873 1034 3926 tte.
1069 3873 1170 3927 Deinde
1181 3875 1210 3926 io
1222 3890 1304 3943 aqua·

289 3949 361 4003 tituto
378 3954 403 3998 et
420 3963 457 4016 pr.
477 3953 637 4010 celetraetar
653 3972 701 4027 pro
720 3961 871 4016 cumuletur
888 3958 940 4014 lib.
