<?xml version="1.0" encoding="UTF-8"?>
<!DOCTYPE html PUBLIC "-//W3C//DTD XHTML 1.0 Transitional//EN"
    "http://www.w3.org/TR/xhtml1/DTD/xhtml1-transitional.dtd">
<html xmlns="http://www.w3.org/1999/xhtml" xml:lang="en" lang="en">
 <head>
  <title>
</title>
<meta http-equiv="Content-Type" content="text/html;charset=utf-8" />
  <meta name='ocr-system' content='tesseract 3.04.00' />
  <meta name='ocr-capabilities' content='ocr_page ocr_carea ocr_par ocr_line ocrx_word'/>
</head>
<body>
  <div class='ocr_page' id='page_1' title='image "./scaecilicyprian00krabgoog_0030.png"; bbox 0 0 2872 4806; ppageno 0'>
   <div class='ocr_carea' id='block_1_1' title="bbox 619 471 637 531">
    <p class='ocr_par' dir='ltr' id='par_1_1' title="bbox 619 471 637 531">
     <span class='ocr_line' id='line_1_1' title="bbox 619 471 637 531; baseline 0 0"><span class='ocrx_word' id='word_1_1' title='bbox 619 471 637 531; x_wconf 88' lang='lat'>5</span> 
     </span>
    </p>
   </div>
   <div class='ocr_carea' id='block_1_2' title="bbox 79 620 1174 934">
    <p class='ocr_par' dir='ltr' id='par_1_2' title="bbox 79 620 1174 934">
     <span class='ocr_line' id='line_1_2' title="bbox 79 620 1174 708; baseline 0.004 -19"><span class='ocrx_word' id='word_1_2' title='bbox 79 691 84 702; x_wconf 69' lang='grc'>,</span> <span class='ocrx_word' id='word_1_3' title='bbox 120 627 174 689; x_wconf 91' lang='lat' dir='ltr'>des</span> <span class='ocrx_word' id='word_1_4' title='bbox 193 620 233 702; x_wconf 83' lang='lat'>¹³)</span> <span class='ocrx_word' id='word_1_5' title='bbox 258 627 370 688; x_wconf 84' lang='lat' dir='ltr'>enimes</span> <span class='ocrx_word' id='word_1_6' title='bbox 390 627 506 689; x_wconf 84' lang='lat' dir='ltr'>incente</span> <span class='ocrx_word' id='word_1_7' title='bbox 527 627 702 690; x_wconf 81' lang='lat' dir='ltr'>credulitate</span> <span class='ocrx_word' id='word_1_8' title='bbox 719 628 851 708; x_wconf 87' lang='lat' dir='ltr'>decepit:</span> <span class='ocrx_word' id='word_1_9' title='bbox 876 631 918 691; x_wconf 86' lang='lat' dir='ltr'>sic</span> <span class='ocrx_word' id='word_1_10' title='bbox 936 627 972 700; x_wconf 74' lang='grc' dir='ltr'>Μι</span> <span class='ocrx_word' id='word_1_11' title='bbox 989 631 1136 693; x_wconf 92' lang='lat' dir='ltr'>dominum</span> <span class='ocrx_word' id='word_1_12' title='bbox 1171 637 1174 646; x_wconf 82' lang='lat'><strong><em>‘</em></strong></span> 
     </span>
     <span class='ocr_line' id='line_1_3' title="bbox 118 742 1136 824; baseline 0.005 -22"><span class='ocrx_word' id='word_1_13' title='bbox 118 742 214 822; x_wconf 92' lang='lat' dir='ltr'>ipsum</span> <span class='ocrx_word' id='word_1_14' title='bbox 239 748 385 821; x_wconf 79' lang='lat' dir='ltr'>temptare</span> <span class='ocrx_word' id='word_1_15' title='bbox 404 749 538 819; x_wconf 83' lang='lat' dir='ltr'>conotus,</span> <span class='ocrx_word' id='word_1_16' title='bbox 563 746 647 823; x_wconf 80' lang='lat' dir='ltr'>quasi</span> <span class='ocrx_word' id='word_1_17' title='bbox 664 745 826 823; x_wconf 88' lang='lat' dir='ltr'>obreperet</span> <span class='ocrx_word' id='word_1_18' title='bbox 843 762 946 806; x_wconf 93' lang='lat' dir='ltr'>rursus</span> <span class='ocrx_word' id='word_1_19' title='bbox 964 752 992 805; x_wconf 84' lang='lat' dir='ltr'>et</span> <span class='ocrx_word' id='word_1_20' title='bbox 1011 745 1136 824; x_wconf 80' lang='lat' dir='ltr'>tolieret,</span> 
     </span>
     <span class='ocr_line' id='line_1_4' title="bbox 117 854 1138 934; baseline 0.005 -17"><span class='ocrx_word' id='word_1_21' title='bbox 117 854 247 918; x_wconf 79' lang='lat' dir='ltr'>latenter</span> <span class='ocrx_word' id='word_1_22' title='bbox 269 857 414 932; x_wconf 80' lang='lat' dir='ltr'>uecessit3</span> <span class='ocrx_word' id='word_1_23' title='bbox 444 856 611 918; x_wconf 88' lang='lat' dir='ltr'>intellectus</span> <span class='ocrx_word' id='word_1_24' title='bbox 643 862 738 917; x_wconf 85' lang='lat' dir='ltr'>tamen</span> <span class='ocrx_word' id='word_1_25' title='bbox 772 863 818 916; x_wconf 92' lang='lat' dir='ltr'>est</span> <span class='ocrx_word' id='word_1_26' title='bbox 850 862 878 917; x_wconf 88' lang='lat' dir='ltr'>et</span> <span class='ocrx_word' id='word_1_27' title='bbox 906 865 1026 920; x_wconf 90' lang='lat' dir='ltr'>retusus</span> <span class='ocrx_word' id='word_1_28' title='bbox 1045 857 1084 934; x_wconf 72' lang='grc' dir='ltr'>ιδ)</span> <span class='ocrx_word' id='word_1_29' title='bbox 1109 868 1138 922; x_wconf 88' lang='lat' dir='ltr'>et</span> 
     </span>
    </p>
   </div>
   <div class='ocr_carea' id='block_1_3' title="bbox 95 945 1138 1165">
    <p class='ocr_par' dir='ltr' id='par_1_3' title="bbox 95 945 1138 1165">
     <span class='ocr_line' id='line_1_5' title="bbox 119 945 1137 1052; baseline 0.003 -20"><span class='ocrx_word' id='word_1_30' title='bbox 119 971 190 1032; x_wconf 91' lang='lat' dir='ltr'>ideo</span> <span class='ocrx_word' id='word_1_31' title='bbox 206 977 381 1050; x_wconf 79' lang='lat' dir='ltr'>prostratus,</span> <span class='ocrx_word' id='word_1_32' title='bbox 398 971 466 1051; x_wconf 84' lang='lat' dir='ltr'>quie</span> <span class='ocrx_word' id='word_1_33' title='bbox 483 971 600 1052; x_wconf 79' lang='lat' dir='ltr'>agnitus</span> <span class='ocrx_word' id='word_1_34' title='bbox 618 976 706 1051; x_wconf 84' lang='lat' dir='ltr'>etque</span> <span class='ocrx_word' id='word_1_35' title='bbox 724 945 868 1034; x_wconf 64' lang='lat' dir='ltr'>detictus.</span> <span class='ocrx_word' id='word_1_36' title='bbox 900 973 983 1034; x_wconf 87' lang='lat' dir='ltr'><strong>Unde</strong></span> <span class='ocrx_word' id='word_1_37' title='bbox 1001 975 1085 1035; x_wconf 93' lang='lat' dir='ltr'>nobis</span> <span class='ocrx_word' id='word_1_38' title='bbox 1099 969 1137 1047; x_wconf 76' lang='grc'>16)</span> 
     </span>
     <span class='ocr_line' id='line_1_6' title="bbox 95 1081 1138 1165; baseline 0.009 -25"><span class='ocrx_word' id='word_1_39' title='bbox 95 1081 289 1161; x_wconf 83' lang='lat' dir='ltr'>sexemptum</span> <span class='ocrx_word' id='word_1_40' title='bbox 312 1081 410 1142; x_wconf 85' lang='lat' dir='ltr'>dotum</span> <span class='ocrx_word' id='word_1_41' title='bbox 435 1088 481 1142; x_wconf 90' lang='lat' dir='ltr'>est</span> <span class='ocrx_word' id='word_1_42' title='bbox 504 1083 615 1143; x_wconf 90' lang='lat' dir='ltr'>veteris</span> <span class='ocrx_word' id='word_1_43' title='bbox 640 1082 765 1144; x_wconf 91' lang='lat' dir='ltr'>hominis</span> <span class='ocrx_word' id='word_1_44' title='bbox 790 1086 865 1146; x_wconf 84' lang='lat' dir='ltr'>vium</span> <span class='ocrx_word' id='word_1_45' title='bbox 890 1084 1013 1165; x_wconf 82' lang='lat' dir='ltr'>sugere,</span> <span class='ocrx_word' id='word_1_46' title='bbox 1041 1089 1138 1149; x_wconf 90' lang='lat' dir='ltr'>vesti-</span> 
     </span>
    </p>
   </div>
   <div class='ocr_carea' id='block_1_4' title="bbox 18 1189 1141 2317">
    <p class='ocr_par' dir='ltr' id='par_1_4' title="bbox 121 1189 1139 1392">
     <span class='ocr_line' id='line_1_7' title="bbox 122 1189 1138 1276; baseline 0.007 -22"><span class='ocrx_word' id='word_1_47' title='bbox 122 1196 180 1276; x_wconf 85' lang='lat' dir='ltr'>giis</span> <span class='ocrx_word' id='word_1_48' title='bbox 210 1195 313 1256; x_wconf 76' lang='lat' dir='ltr'><strong>Christi</strong></span> <span class='ocrx_word' id='word_1_49' title='bbox 343 1196 491 1257; x_wconf 89' lang='lat' dir='ltr'>vincentis</span> <span class='ocrx_word' id='word_1_50' title='bbox 516 1189 553 1270; x_wconf 78' lang='lat'>¹⁷)</span> <span class='ocrx_word' id='word_1_51' title='bbox 583 1195 737 1272; x_wconf 72' lang='lat' dir='ltr'><strong>insistere,</strong></span> <span class='ocrx_word' id='word_1_52' title='bbox 771 1215 810 1257; x_wconf 92' lang='lat' dir='ltr'>ne</span> <span class='ocrx_word' id='word_1_53' title='bbox 842 1196 940 1258; x_wconf 95' lang='lat' dir='ltr'>denuo</span> <span class='ocrx_word' id='word_1_54' title='bbox 972 1200 1078 1260; x_wconf 82' lang='lat' dir='ltr'>incauti</span> <span class='ocrx_word' id='word_1_55' title='bbox 1110 1202 1138 1262; x_wconf 89' lang='lat' dir='ltr'>in</span> 
     </span>
     <span class='ocr_line' id='line_1_8' title="bbox 121 1310 1139 1392; baseline 0.004 -20"><span class='ocrx_word' id='word_1_56' title='bbox 121 1311 224 1372; x_wconf 92' lang='lat' dir='ltr'>mortis</span> <span class='ocrx_word' id='word_1_57' title='bbox 246 1310 384 1391; x_wconf 83' lang='lat' dir='ltr'>loqueum</span> <span class='ocrx_word' id='word_1_58' title='bbox 407 1310 606 1388; x_wconf 78' lang='lat' dir='ltr'>revolvamur,</span> <span class='ocrx_word' id='word_1_59' title='bbox 629 1311 683 1372; x_wconf 90' lang='lat' dir='ltr'>sed</span> <span class='ocrx_word' id='word_1_60' title='bbox 708 1310 743 1373; x_wconf 87' lang='lat' dir='ltr'>nd</span> <span class='ocrx_word' id='word_1_61' title='bbox 767 1312 929 1391; x_wconf 86' lang='lat' dir='ltr'>periculum</span> <span class='ocrx_word' id='word_1_62' title='bbox 950 1313 1067 1392; x_wconf 77' lang='lat' dir='ltr'>providi</span> <span class='ocrx_word' id='word_1_63' title='bbox 1084 1333 1139 1376; x_wconf 84' lang='lat' dir='ltr'>uc-</span> 
     </span>
    </p>

    <p class='ocr_par' dir='ltr' id='par_1_5' title="bbox 18 1417 1140 1623">
     <span class='ocr_line' id='line_1_9' title="bbox 18 1417 1139 1510; baseline 0.003 -25"><span class='ocrx_word' id='word_1_64' title='bbox 18 1485 23 1492; x_wconf 80' lang='grc'>,</span> <span class='ocrx_word' id='word_1_65' title='bbox 120 1431 207 1504; x_wconf 82' lang='lat' dir='ltr'>cepta</span> <span class='ocrx_word' id='word_1_66' title='bbox 230 1424 439 1486; x_wconf 80' lang='lat' dir='ltr'>inmortalitate</span> <span class='ocrx_word' id='word_1_67' title='bbox 464 1424 617 1506; x_wconf 83' lang='lat' dir='ltr'>potiamur.</span> <span class='ocrx_word' id='word_1_68' title='bbox 662 1422 872 1510; x_wconf 84' lang='lat' dir='ltr'>Inmortelitate</span> <span class='ocrx_word' id='word_1_69' title='bbox 896 1417 933 1496; x_wconf 84' lang='grc'>18)</span> <span class='ocrx_word' id='word_1_70' title='bbox 958 1432 1056 1486; x_wconf 84' lang='lat' dir='ltr'>orrtem</span> <span class='ocrx_word' id='word_1_71' title='bbox 1079 1445 1139 1507; x_wconf 94' lang='lat' dir='ltr'>po-</span> 
     </span>
     <span class='ocr_line' id='line_1_10' title="bbox 118 1538 1140 1623; baseline 0.003 -23"><span class='ocrx_word' id='word_1_72' title='bbox 118 1540 167 1601; x_wconf 86' lang='lat' dir='ltr'>tiri</span> <span class='ocrx_word' id='word_1_73' title='bbox 192 1539 343 1620; x_wconf 89' lang='lat' dir='ltr'>quomodo</span> <span class='ocrx_word' id='word_1_74' title='bbox 367 1555 543 1620; x_wconf 90' lang='lat' dir='ltr'>possumus,</span> <span class='ocrx_word' id='word_1_75' title='bbox 567 1538 692 1617; x_wconf 85' lang='lat' dir='ltr'>msice,</span> <span class='ocrx_word' id='word_1_76' title='bbox 716 1539 823 1618; x_wconf 91' lang='lat' dir='ltr'>quibus</span> <span class='ocrx_word' id='word_1_77' title='bbox 847 1557 928 1601; x_wconf 90' lang='lat' dir='ltr'>mors</span> <span class='ocrx_word' id='word_1_78' title='bbox 952 1546 1140 1623; x_wconf 78' lang='lat' dir='ltr'>expugnetur</span> 
     </span>
    </p>

    <p class='ocr_par' dir='ltr' id='par_1_6' title="bbox 79 1651 1141 1965">
     <span class='ocr_line' id='line_1_11' title="bbox 79 1651 1141 1734; baseline 0.001 -19"><span class='ocrx_word' id='word_1_79' title='bbox 79 1660 150 1716; x_wconf 81' lang='lat' dir='ltr'>oet</span> <span class='ocrx_word' id='word_1_80' title='bbox 177 1655 323 1733; x_wconf 88' lang='lat' dir='ltr'>vincitur,</span> <span class='ocrx_word' id='word_1_81' title='bbox 355 1653 462 1716; x_wconf 75' lang='lat' dir='ltr'>Christi</span> <span class='ocrx_word' id='word_1_82' title='bbox 493 1651 627 1716; x_wconf 83' lang='lat' dir='ltr'>mandute</span> <span class='ocrx_word' id='word_1_83' title='bbox 658 1669 814 1715; x_wconf 84' lang='lat' dir='ltr'>servemus</span> <span class='ocrx_word' id='word_1_84' title='bbox 845 1653 910 1734; x_wconf 90' lang='lat' dir='ltr'>ipso</span> <span class='ocrx_word' id='word_1_85' title='bbox 941 1661 1082 1716; x_wconf 92' lang='lat' dir='ltr'>monente</span> <span class='ocrx_word' id='word_1_86' title='bbox 1111 1661 1141 1717; x_wconf 93' lang='lat' dir='ltr'>et</span> 
     </span>
     <span class='ocr_line' id='line_1_12' title="bbox 121 1763 1140 1847; baseline -0.001 -16"><span class='ocrx_word' id='word_1_87' title='bbox 121 1769 239 1831; x_wconf 80' lang='lat' dir='ltr'>dicente</span> <span class='ocrx_word' id='word_1_88' title='bbox 256 1763 313 1847; x_wconf 81' lang='lat'>¹⁹):</span> <span class='ocrx_word' id='word_1_89' title='bbox 343 1769 379 1830; x_wconf 85' lang='lat' dir='ltr'>Si</span> <span class='ocrx_word' id='word_1_90' title='bbox 400 1770 449 1830; x_wconf 81' lang='lat' dir='ltr'>vis</span> <span class='ocrx_word' id='word_1_91' title='bbox 471 1769 513 1830; x_wconf 90' lang='lat' dir='ltr'>ud</span> <span class='ocrx_word' id='word_1_92' title='bbox 533 1769 626 1830; x_wconf 86' lang='lat' dir='ltr'>eitam</span> <span class='ocrx_word' id='word_1_93' title='bbox 650 1768 770 1843; x_wconf 82' lang='lat' dir='ltr'>venire,</span> <span class='ocrx_word' id='word_1_94' title='bbox 794 1785 886 1829; x_wconf 83' lang='lat' dir='ltr'>serva</span> <span class='ocrx_word' id='word_1_95' title='bbox 907 1770 1059 1830; x_wconf 85' lang='lat' dir='ltr'>mandata.</span> <span class='ocrx_word' id='word_1_96' title='bbox 1104 1767 1140 1830; x_wconf 85' lang='lat' dir='ltr'>Et</span> 
     </span>
     <span class='ocr_line' id='line_1_13' title="bbox 120 1879 1140 1965; baseline 0 -17"><span class='ocrx_word' id='word_1_97' title='bbox 120 1887 228 1948; x_wconf 90' lang='lat' dir='ltr'>iterum</span> <span class='ocrx_word' id='word_1_98' title='bbox 244 1879 303 1962; x_wconf 71' lang='lat'><strong>⁹⁰):</strong></span> <span class='ocrx_word' id='word_1_99' title='bbox 336 1885 371 1946; x_wconf 83' lang='lat' dir='ltr'>Si</span> <span class='ocrx_word' id='word_1_100' title='bbox 397 1885 537 1965; x_wconf 72' lang='lat' dir='ltr'>feceritis</span> <span class='ocrx_word' id='word_1_101' title='bbox 555 1879 596 1959; x_wconf 78' lang='lat'>²¹)</span> <span class='ocrx_word' id='word_1_102' title='bbox 620 1883 703 1963; x_wconf 86' lang='lat' dir='ltr'>quod</span> <span class='ocrx_word' id='word_1_103' title='bbox 723 1883 834 1944; x_wconf 86' lang='lat' dir='ltr'>mundo</span> <span class='ocrx_word' id='word_1_104' title='bbox 856 1883 961 1960; x_wconf 84' lang='lat' dir='ltr'>cobis,</span> <span class='ocrx_word' id='word_1_105' title='bbox 994 1887 1055 1946; x_wconf 83' lang='lat' dir='ltr'>ium</span> <span class='ocrx_word' id='word_1_106' title='bbox 1078 1905 1140 1949; x_wconf 86' lang='lat' dir='ltr'>non</span> 
     </span>
    </p>

    <p class='ocr_par' dir='ltr' id='par_1_7' title="bbox 119 1995 1140 2078">
     <span class='ocr_line' id='line_1_14' title="bbox 119 1995 1140 2078; baseline -0.002 -16"><span class='ocrx_word' id='word_1_107' title='bbox 119 2001 190 2062; x_wconf 88' lang='lat' dir='ltr'>dico</span> <span class='ocrx_word' id='word_1_108' title='bbox 206 1995 249 2077; x_wconf 73' lang='lat'>²²)</span> <span class='ocrx_word' id='word_1_109' title='bbox 270 2019 327 2061; x_wconf 85' lang='lat' dir='ltr'>cos</span> <span class='ocrx_word' id='word_1_110' title='bbox 349 2017 467 2074; x_wconf 84' lang='lat' dir='ltr'>seruos,</span> <span class='ocrx_word' id='word_1_111' title='bbox 490 1999 545 2060; x_wconf 88' lang='lat' dir='ltr'>sed</span> <span class='ocrx_word' id='word_1_112' title='bbox 567 1997 691 2059; x_wconf 81' lang='lat' dir='ltr'>amicos.</span> <span class='ocrx_word' id='word_1_113' title='bbox 730 1996 792 2058; x_wconf 89' lang='lat' dir='ltr'>Hos</span> <span class='ocrx_word' id='word_1_114' title='bbox 814 1996 943 2078; x_wconf 90' lang='lat' dir='ltr'>denique</span> <span class='ocrx_word' id='word_1_115' title='bbox 961 1998 1055 2060; x_wconf 83' lang='lat' dir='ltr'>fortes</span> <span class='ocrx_word' id='word_1_116' title='bbox 1071 1998 1140 2061; x_wconf 92' lang='lat' dir='ltr'>dicit</span> 
     </span>
    </p>

    <p class='ocr_par' dir='ltr' id='par_1_8' title="bbox 120 2109 1139 2194">
     <span class='ocr_line' id='line_1_15' title="bbox 120 2109 1139 2194; baseline -0.001 -18"><span class='ocrx_word' id='word_1_117' title='bbox 120 2121 155 2176; x_wconf 87' lang='lat' dir='ltr'>et</span> <span class='ocrx_word' id='word_1_118' title='bbox 174 2113 295 2176; x_wconf 82' lang='lat' dir='ltr'>stabiles</span> <span class='ocrx_word' id='word_1_119' title='bbox 311 2109 371 2192; x_wconf 76' lang='lat'>²³),</span> <span class='ocrx_word' id='word_1_120' title='bbox 405 2112 461 2175; x_wconf 92' lang='lat' dir='ltr'>hos</span> <span class='ocrx_word' id='word_1_121' title='bbox 485 2129 576 2192; x_wconf 93' lang='lat' dir='ltr'>super</span> <span class='ocrx_word' id='word_1_122' title='bbox 598 2116 711 2192; x_wconf 84' lang='lat' dir='ltr'>petrem</span> <span class='ocrx_word' id='word_1_123' title='bbox 734 2110 857 2172; x_wconf 86' lang='lat' dir='ltr'>robuste</span> <span class='ocrx_word' id='word_1_124' title='bbox 880 2111 959 2172; x_wconf 87' lang='lat' dir='ltr'>mole</span> <span class='ocrx_word' id='word_1_125' title='bbox 992 2111 1139 2194; x_wconf 79' lang='lat' dir='ltr'>fundatos,</span> 
     </span>
    </p>

    <p class='ocr_par' dir='ltr' id='par_1_9' title="bbox 77 2223 1139 2317">
     <span class='ocr_line' id='line_1_16' title="bbox 77 2223 1139 2317; baseline 0.004 -33"><span class='ocrx_word' id='word_1_126' title='bbox 77 2242 104 2286; x_wconf 80' lang='lat' dir='ltr'>rs</span> <span class='ocrx_word' id='word_1_127' title='bbox 119 2229 177 2291; x_wconf 92' lang='lat' dir='ltr'>hos</span> <span class='ocrx_word' id='word_1_128' title='bbox 201 2233 305 2317; x_wconf 82' lang='lat' dir='ltr'>contra</span> <span class='ocrx_word' id='word_1_129' title='bbox 329 2244 433 2288; x_wconf 91' lang='lat' dir='ltr'>omnes</span> <span class='ocrx_word' id='word_1_130' title='bbox 456 2229 648 2306; x_wconf 84' lang='lat' dir='ltr'>tempestates</span> <span class='ocrx_word' id='word_1_131' title='bbox 671 2232 702 2285; x_wconf 90' lang='lat' dir='ltr'>et</span> <span class='ocrx_word' id='word_1_132' title='bbox 724 2223 857 2286; x_wconf 88' lang='lat' dir='ltr'>turbines</span> <span class='ocrx_word' id='word_1_133' title='bbox 880 2225 992 2287; x_wconf 83' lang='lat' dir='ltr'>saecuti</span> <span class='ocrx_word' id='word_1_134' title='bbox 1010 2227 1139 2288; x_wconf 88' lang='lat' dir='ltr'>inmobili</span> 
     </span>
    </p>
   </div>
   <div class='ocr_carea' id='block_1_5' title="bbox 97 2373 1174 3700">
    <p class='ocr_par' dir='ltr' id='par_1_10' title="bbox 116 2373 1174 3086">
     <span class='ocr_line' id='line_1_17' title="bbox 192 2373 1140 2478; baseline -0.004 -16"><span class='ocrx_word' id='word_1_135' title='bbox 192 2407 238 2478; x_wconf 86' lang='grc'>13)</span> <span class='ocrx_word' id='word_1_136' title='bbox 258 2410 372 2462; x_wconf 80' lang='lat' dir='ltr'>audaces</span> <span class='ocrx_word' id='word_1_137' title='bbox 390 2405 438 2457; x_wconf 77' lang='lat' dir='ltr'>tte.</span> <span class='ocrx_word' id='word_1_138' title='bbox 475 2404 537 2456; x_wconf 87' lang='lat' dir='ltr'>Turn</span> <span class='ocrx_word' id='word_1_139' title='bbox 555 2373 665 2460; x_wconf 61' lang='lat' dir='ltr'>incauti¹</span> <span class='ocrx_word' id='word_1_140' title='bbox 682 2402 728 2456; x_wconf 90' lang='lat' dir='ltr'>Bb.</span> <span class='ocrx_word' id='word_1_141' title='bbox 765 2403 832 2456; x_wconf 86' lang='lat' dir='ltr'>Dein</span> <span class='ocrx_word' id='word_1_142' title='bbox 851 2409 979 2460; x_wconf 85' lang='lat' dir='ltr'>cruditate</span> <span class='ocrx_word' id='word_1_143' title='bbox 1001 2422 1054 2474; x_wconf 77' lang='lat' dir='ltr'>pn,</span> <span class='ocrx_word' id='word_1_144' title='bbox 1081 2415 1140 2474; x_wconf 89' lang='lat' dir='ltr'>post</span> 
     </span>
     <span class='ocr_line' id='line_1_18' title="bbox 117 2489 1140 2556; baseline -0.003 -6"><span class='ocrx_word' id='word_1_145' title='bbox 117 2514 184 2552; x_wconf 88' lang='lat' dir='ltr'>vero</span> <span class='ocrx_word' id='word_1_146' title='bbox 204 2491 418 2550; x_wconf 82' lang='lat' dir='ltr'>crudelitatehtb.</span> <span class='ocrx_word' id='word_1_147' title='bbox 456 2491 500 2556; x_wconf 77' lang='lat' dir='ltr'>tt)</span> <span class='ocrx_word' id='word_1_148' title='bbox 520 2495 568 2545; x_wconf 80' lang='lat' dir='ltr'>Sic</span> <span class='ocrx_word' id='word_1_149' title='bbox 586 2491 714 2544; x_wconf 85' lang='lat' dir='ltr'>intercidit</span> <span class='ocrx_word' id='word_1_150' title='bbox 732 2492 757 2541; x_wconf 90' lang='lat' dir='ltr'>in</span> <span class='ocrx_word' id='word_1_151' title='bbox 777 2491 817 2542; x_wconf 89' lang='lat' dir='ltr'>ed.</span> <span class='ocrx_word' id='word_1_152' title='bbox 831 2489 917 2544; x_wconf 84' lang='lat' dir='ltr'>Betnz.</span> <span class='ocrx_word' id='word_1_153' title='bbox 950 2491 1008 2543; x_wconf 85' lang='lat' dir='ltr'>Mox</span> <span class='ocrx_word' id='word_1_154' title='bbox 1027 2504 1140 2547; x_wconf 79' lang='lat' dir='ltr'>curretur</span> 
     </span>
     <span class='ocr_line' id='line_1_19' title="bbox 117 2576 1138 2650; baseline -0.002 -15"><span class='ocrx_word' id='word_1_155' title='bbox 117 2584 198 2635; x_wconf 81' lang='lat' dir='ltr'>babet</span> <span class='ocrx_word' id='word_1_156' title='bbox 216 2581 256 2632; x_wconf 84' lang='lat' dir='ltr'>hio</span> <span class='ocrx_word' id='word_1_157' title='bbox 275 2590 302 2632; x_wconf 88' lang='lat' dir='ltr'>et</span> <span class='ocrx_word' id='word_1_158' title='bbox 320 2582 450 2650; x_wconf 85' lang='lat' dir='ltr'>otriperet</span> <span class='ocrx_word' id='word_1_159' title='bbox 467 2576 517 2630; x_wconf 87' lang='lat' dir='ltr'>Mb.</span> <span class='ocrx_word' id='word_1_160' title='bbox 556 2577 601 2644; x_wconf 89' lang='grc'>15)</span> <span class='ocrx_word' id='word_1_161' title='bbox 619 2587 745 2631; x_wconf 80' lang='lat' dir='ltr'>retrusus</span> <span class='ocrx_word' id='word_1_162' title='bbox 764 2576 817 2629; x_wconf 82' lang='lat' dir='ltr'>Bab</span> <span class='ocrx_word' id='word_1_163' title='bbox 838 2588 864 2629; x_wconf 86' lang='lat' dir='ltr'>et</span> <span class='ocrx_word' id='word_1_164' title='bbox 883 2587 1000 2648; x_wconf 81' lang='lat' dir='ltr'>quattuor</span> <span class='ocrx_word' id='word_1_165' title='bbox 1017 2579 1097 2632; x_wconf 83' lang='lat' dir='ltr'>Italici</span> <span class='ocrx_word' id='word_1_166' title='bbox 1116 2597 1138 2634; x_wconf 93' lang='lat' dir='ltr'>c.</span> 
     </span>
     <span class='ocr_line' id='line_1_20' title="bbox 119 2661 1138 2736; baseline -0.006 -13"><span class='ocrx_word' id='word_1_167' title='bbox 119 2672 180 2724; x_wconf 88' lang='lat' dir='ltr'>edd.</span> <span class='ocrx_word' id='word_1_168' title='bbox 200 2678 259 2722; x_wconf 81' lang='lat' dir='ltr'>unte</span> <span class='ocrx_word' id='word_1_169' title='bbox 278 2667 381 2730; x_wconf 72' lang='lat' dir='ltr'>Manui,</span> <span class='ocrx_word' id='word_1_170' title='bbox 400 2667 421 2716; x_wconf 88' lang='lat' dir='ltr'>si</span> <span class='ocrx_word' id='word_1_171' title='bbox 441 2665 550 2732; x_wconf 83' lang='lat' dir='ltr'>excipies</span> <span class='ocrx_word' id='word_1_172' title='bbox 569 2661 788 2730; x_wconf 85' lang='lat' dir='ltr'>Deventriensem‚</span> <span class='ocrx_word' id='word_1_173' title='bbox 808 2666 932 2731; x_wconf 82' lang='lat' dir='ltr'>omnibns,</span> <span class='ocrx_word' id='word_1_174' title='bbox 951 2669 1063 2736; x_wconf 88' lang='lat' dir='ltr'>itemque</span> <span class='ocrx_word' id='word_1_175' title='bbox 1081 2667 1138 2718; x_wconf 86' lang='lat' dir='ltr'>hio-</span> 
     </span>
     <span class='ocr_line' id='line_1_21' title="bbox 116 2751 1140 2822; baseline -0.004 -10"><span class='ocrx_word' id='word_1_176' title='bbox 116 2759 241 2820; x_wconf 82' lang='lat' dir='ltr'>reliisna3</span> <span class='ocrx_word' id='word_1_177' title='bbox 259 2758 386 2810; x_wconf 77' lang='lat' dir='ltr'>reclusus</span> <span class='ocrx_word' id='word_1_178' title='bbox 398 2753 446 2804; x_wconf 84' lang='lat' dir='ltr'>hic.</span> <span class='ocrx_word' id='word_1_179' title='bbox 479 2751 595 2802; x_wconf 79' lang='lat' dir='ltr'>Proxime</span> <span class='ocrx_word' id='word_1_180' title='bbox 617 2762 640 2804; x_wconf 87' lang='lat' dir='ltr'>et</span> <span class='ocrx_word' id='word_1_181' title='bbox 657 2767 703 2819; x_wconf 89' lang='lat' dir='ltr'>pro</span> <span class='ocrx_word' id='word_1_182' title='bbox 723 2763 797 2822; x_wconf 80' lang='lat' dir='ltr'>utque</span> <span class='ocrx_word' id='word_1_183' title='bbox 815 2752 845 2804; x_wconf 80' lang='lat' dir='ltr'>h.</span> <span class='ocrx_word' id='word_1_184' title='bbox 877 2753 1006 2822; x_wconf 87' lang='lat' dir='ltr'>Deinceps</span> <span class='ocrx_word' id='word_1_185' title='bbox 1025 2758 1140 2809; x_wconf 80' lang='lat' dir='ltr'>detectus</span> 
     </span>
     <span class='ocr_line' id='line_1_22' title="bbox 118 2839 1137 2910; baseline -0.006 -10"><span class='ocrx_word' id='word_1_186' title='bbox 118 2857 161 2900; x_wconf 82' lang='lat' dir='ltr'>est</span> <span class='ocrx_word' id='word_1_187' title='bbox 179 2843 214 2896; x_wconf 82' lang='lat' dir='ltr'>Be</span> <span class='ocrx_word' id='word_1_188' title='bbox 234 2843 302 2894; x_wconf 81' lang='lat' dir='ltr'>eth.</span> <span class='ocrx_word' id='word_1_189' title='bbox 340 2842 386 2910; x_wconf 87' lang='grc'>16)</span> <span class='ocrx_word' id='word_1_190' title='bbox 404 2843 483 2895; x_wconf 82' lang='lat' dir='ltr'>uotis</span> <span class='ocrx_word' id='word_1_191' title='bbox 502 2839 570 2890; x_wconf 78' lang='lat' dir='ltr'>incili</span> <span class='ocrx_word' id='word_1_192' title='bbox 590 2841 776 2905; x_wconf 80' lang='lat' dir='ltr'>permutatione</span> <span class='ocrx_word' id='word_1_193' title='bbox 795 2839 839 2892; x_wconf 84' lang='lat' dir='ltr'>Bh.</span> <span class='ocrx_word' id='word_1_194' title='bbox 877 2840 921 2908; x_wconf 84' lang='grc'>17)</span> <span class='ocrx_word' id='word_1_195' title='bbox 941 2847 1057 2896; x_wconf 81' lang='lat' dir='ltr'>vicentio</span> <span class='ocrx_word' id='word_1_196' title='bbox 1076 2859 1137 2910; x_wconf 92' lang='lat' dir='ltr'>pcr-</span> 
     </span>
     <span class='ocr_line' id='line_1_23' title="bbox 118 2923 1138 3002; baseline -0.004 -16"><span class='ocrx_word' id='word_1_197' title='bbox 118 2949 208 3002; x_wconf 80' lang='lat' dir='ltr'>petum</span> <span class='ocrx_word' id='word_1_198' title='bbox 227 2930 313 2983; x_wconf 77' lang='lat' dir='ltr'>Datur,</span> <span class='ocrx_word' id='word_1_199' title='bbox 358 2928 403 2997; x_wconf 88' lang='grc'>18)</span> <span class='ocrx_word' id='word_1_200' title='bbox 422 2931 645 2982; x_wconf 77' lang='lat' dir='ltr'>immortalitatem</span> <span class='ocrx_word' id='word_1_201' title='bbox 664 2926 721 2978; x_wconf 88' lang='lat' dir='ltr'>Ver.</span> <span class='ocrx_word' id='word_1_202' title='bbox 756 2923 816 2979; x_wconf 86' lang='lat' dir='ltr'>Mox</span> <span class='ocrx_word' id='word_1_203' title='bbox 833 2947 982 2998; x_wconf 79' lang='lat' dir='ltr'>possumus</span> <span class='ocrx_word' id='word_1_204' title='bbox 1001 2946 1016 2981; x_wconf 92' lang='lat' dir='ltr'>e</span> <span class='ocrx_word' id='word_1_205' title='bbox 1035 2945 1100 2981; x_wconf 90' lang='lat' dir='ltr'>corr.</span> <span class='ocrx_word' id='word_1_206' title='bbox 1118 2946 1138 2982; x_wconf 87' lang='lat' dir='ltr'>r.</span> 
     </span>
     <span class='ocr_line' id='line_1_24' title="bbox 119 3012 1174 3086; baseline -0.003 -14"><span class='ocrx_word' id='word_1_207' title='bbox 119 3039 153 3074; x_wconf 91' lang='lat' dir='ltr'>rn.</span> <span class='ocrx_word' id='word_1_208' title='bbox 173 3021 213 3072; x_wconf 90' lang='lat' dir='ltr'>W.</span> <span class='ocrx_word' id='word_1_209' title='bbox 250 3019 316 3070; x_wconf 89' lang='lat' dir='ltr'>Dein</span> <span class='ocrx_word' id='word_1_210' title='bbox 336 3021 507 3086; x_wconf 65' lang='lat' dir='ltr'>impugnetur</span> <span class='ocrx_word' id='word_1_211' title='bbox 525 3012 554 3064; x_wconf 80' lang='lat' dir='ltr'>h.</span> <span class='ocrx_word' id='word_1_212' title='bbox 592 3014 662 3066; x_wconf 86' lang='lat' dir='ltr'>idem</span> <span class='ocrx_word' id='word_1_213' title='bbox 680 3019 814 3068; x_wconf 76' lang='lat' dir='ltr'>sermonis</span> <span class='ocrx_word' id='word_1_214' title='bbox 832 3031 879 3083; x_wconf 90' lang='lat' dir='ltr'>pro</span> <span class='ocrx_word' id='word_1_215' title='bbox 898 3035 1046 3070; x_wconf 77' lang='lat' dir='ltr'>servemus.</span> <span class='ocrx_word' id='word_1_216' title='bbox 1078 3016 1138 3069; x_wconf 90' lang='lat' dir='ltr'>Turn</span> <span class='ocrx_word' id='word_1_217' title='bbox 1172 3069 1174 3076; x_wconf 85' lang='grc'>,</span> 
     </span>
    </p>

    <p class='ocr_par' dir='ltr' id='par_1_11' title="bbox 97 3100 1140 3700">
     <span class='ocr_line' id='line_1_25' title="bbox 97 3100 1138 3175; baseline -0.011 -15"><span class='ocrx_word' id='word_1_218' title='bbox 97 3104 326 3175; x_wconf 75' lang='grc' dir='ltr'><strong>·ασριοιιΜιι.</strong></span> <span class='ocrx_word' id='word_1_219' title='bbox 364 3101 409 3169; x_wconf 85' lang='grc'>19)</span> <span class='ocrx_word' id='word_1_220' title='bbox 428 3101 514 3151; x_wconf 86' lang='lat' dir='ltr'>Metth.</span> <span class='ocrx_word' id='word_1_221' title='bbox 536 3100 577 3165; x_wconf 80' lang='lat' dir='ltr'>te,</span> <span class='ocrx_word' id='word_1_222' title='bbox 597 3101 637 3151; x_wconf 80' lang='lat'>17.</span> <span class='ocrx_word' id='word_1_223' title='bbox 676 3101 943 3169; x_wconf 75' lang='lat' dir='ltr'>20)J0ann.ts‚rt.</span> <span class='ocrx_word' id='word_1_224' title='bbox 980 3103 1076 3171; x_wconf 69' lang='grc' dir='ltr'>21),ςιΙ</span> <span class='ocrx_word' id='word_1_225' title='bbox 1093 3110 1138 3174; x_wconf 68' lang='lat' dir='ltr'>fe.</span> 
     </span>
     <span class='ocr_line' id='line_1_26' title="bbox 120 3187 1138 3261; baseline -0.007 -12"><span class='ocrx_word' id='word_1_226' title='bbox 120 3199 231 3257; x_wconf 65' lang='lat' dir='ltr'>ceritrb,</span> <span class='ocrx_word' id='word_1_227' title='bbox 251 3195 336 3261; x_wconf 83' lang='lat' dir='ltr'>inquit</span> <span class='ocrx_word' id='word_1_228' title='bbox 353 3188 403 3240; x_wconf 82' lang='lat' dir='ltr'>Mb.</span> <span class='ocrx_word' id='word_1_229' title='bbox 441 3187 529 3240; x_wconf 83' lang='lat' dir='ltr'>Statim</span> <span class='ocrx_word' id='word_1_230' title='bbox 548 3193 617 3258; x_wconf 81' lang='lat' dir='ltr'>quod</span> <span class='ocrx_word' id='word_1_231' title='bbox 633 3191 693 3257; x_wconf 77' lang='lat' dir='ltr'>[pro</span> <span class='ocrx_word' id='word_1_232' title='bbox 713 3191 790 3259; x_wconf 82' lang='lat' dir='ltr'>quoe)</span> <span class='ocrx_word' id='word_1_233' title='bbox 809 3194 903 3244; x_wconf 85' lang='lat' dir='ltr'>mundo</span> <span class='ocrx_word' id='word_1_234' title='bbox 923 3189 980 3243; x_wconf 88' lang='lat' dir='ltr'>Ver.</span> <span class='ocrx_word' id='word_1_235' title='bbox 999 3191 1040 3242; x_wconf 89' lang='lat' dir='ltr'>W.</span> <span class='ocrx_word' id='word_1_236' title='bbox 1058 3191 1138 3244; x_wconf 83' lang='lat' dir='ltr'>hiebc.</span> 
     </span>
     <span class='ocr_line' id='line_1_27' title="bbox 118 3261 1139 3346; baseline -0.005 -13"><span class='ocrx_word' id='word_1_237' title='bbox 118 3281 183 3334; x_wconf 80' lang='lat' dir='ltr'>Bab.</span> <span class='ocrx_word' id='word_1_238' title='bbox 209 3261 290 3346; x_wconf 85' lang='lat' dir='ltr'>Neep.</span> <span class='ocrx_word' id='word_1_239' title='bbox 316 3277 370 3332; x_wconf 83' lang='lat' dir='ltr'>Vei.</span> <span class='ocrx_word' id='word_1_240' title='bbox 392 3278 417 3330; x_wconf 80' lang='lat'>4.</span> <span class='ocrx_word' id='word_1_241' title='bbox 444 3276 474 3327; x_wconf 82' lang='grc' dir='ltr'>Α.</span> <span class='ocrx_word' id='word_1_242' title='bbox 500 3294 522 3330; x_wconf 91' lang='lat' dir='ltr'>c.</span> <span class='ocrx_word' id='word_1_243' title='bbox 548 3277 624 3341; x_wconf 80' lang='lat' dir='ltr'>edd,</span> <span class='ocrx_word' id='word_1_244' title='bbox 653 3293 718 3344; x_wconf 81' lang='lat' dir='ltr'>quse</span> <span class='ocrx_word' id='word_1_245' title='bbox 742 3277 910 3328; x_wconf 79' lang='lat' dir='ltr'>Manutiennm</span> <span class='ocrx_word' id='word_1_246' title='bbox 938 3287 1139 3343; x_wconf 80' lang='lat' dir='ltr'>antecesserunt,</span> 
     </span>
     <span class='ocr_line' id='line_1_28' title="bbox 118 3363 1139 3432; baseline -0.008 -10"><span class='ocrx_word' id='word_1_247' title='bbox 118 3375 182 3423; x_wconf 89' lang='lat' dir='ltr'>item</span> <span class='ocrx_word' id='word_1_248' title='bbox 199 3367 363 3432; x_wconf 81' lang='lat' dir='ltr'>Moreltiena,</span> <span class='ocrx_word' id='word_1_249' title='bbox 391 3381 440 3416; x_wconf 90' lang='lat' dir='ltr'>nec</span> <span class='ocrx_word' id='word_1_250' title='bbox 465 3364 539 3416; x_wconf 79' lang='lat' dir='ltr'>aliter</span> <span class='ocrx_word' id='word_1_251' title='bbox 560 3366 585 3414; x_wconf 90' lang='lat' dir='ltr'>in</span> <span class='ocrx_word' id='word_1_252' title='bbox 605 3363 685 3432; x_wconf 88' lang='lat' dir='ltr'>Epist.</span> <span class='ocrx_word' id='word_1_253' title='bbox 705 3363 786 3420; x_wconf 84' lang='lat' dir='ltr'>LthI.</span> <span class='ocrx_word' id='word_1_254' title='bbox 806 3381 830 3432; x_wconf 87' lang='lat' dir='ltr'>p.</span> <span class='ocrx_word' id='word_1_255' title='bbox 851 3364 910 3415; x_wconf 90' lang='grc'>108.</span> <span class='ocrx_word' id='word_1_256' title='bbox 936 3364 1055 3416; x_wconf 84' lang='lat' dir='ltr'>exhibent</span> <span class='ocrx_word' id='word_1_257' title='bbox 1079 3366 1139 3415; x_wconf 90' lang='lat' dir='ltr'>editi</span> 
     </span>
     <span class='ocr_line' id='line_1_29' title="bbox 118 3443 1140 3522; baseline -0.007 -13"><span class='ocrx_word' id='word_1_258' title='bbox 118 3459 178 3510; x_wconf 90' lang='lat' dir='ltr'>libri</span> <span class='ocrx_word' id='word_1_259' title='bbox 197 3465 223 3506; x_wconf 89' lang='lat' dir='ltr'>et</span> <span class='ocrx_word' id='word_1_260' title='bbox 240 3464 307 3520; x_wconf 89' lang='lat' dir='ltr'>tres,</span> <span class='ocrx_word' id='word_1_261' title='bbox 332 3443 527 3522; x_wconf 78' lang='lat' dir='ltr'>quos‘inspexi‚</span> <span class='ocrx_word' id='word_1_262' title='bbox 552 3450 628 3502; x_wconf 88' lang='lat' dir='ltr'>codd.</span> <span class='ocrx_word' id='word_1_263' title='bbox 647 3467 705 3502; x_wconf 91' lang='lat' dir='ltr'>mss.</span> <span class='ocrx_word' id='word_1_264' title='bbox 742 3449 817 3502; x_wconf 86' lang='lat' dir='ltr'>Solus</span> <span class='ocrx_word' id='word_1_265' title='bbox 835 3449 892 3514; x_wconf 83' lang='lat' dir='ltr'>hid,</span> <span class='ocrx_word' id='word_1_266' title='bbox 910 3459 938 3502; x_wconf 92' lang='lat' dir='ltr'>nt</span> <span class='ocrx_word' id='word_1_267' title='bbox 957 3451 981 3501; x_wconf 95' lang='lat' dir='ltr'>b.</span> <span class='ocrx_word' id='word_1_268' title='bbox 1001 3450 1033 3516; x_wconf 84' lang='lat' dir='ltr'>h,</span> <span class='ocrx_word' id='word_1_269' title='bbox 1053 3451 1140 3502; x_wconf 90' lang='lat' dir='ltr'>scribit</span> 
     </span>
     <span class='ocr_line' id='line_1_30' title="bbox 119 3527 1139 3616; baseline -0.012 -16"><span class='ocrx_word' id='word_1_270' title='bbox 119 3563 196 3616; x_wconf 79' lang='lat' dir='ltr'>quoe.</span> <span class='ocrx_word' id='word_1_271' title='bbox 231 3543 329 3609; x_wconf 73' lang='lat' dir='ltr'>Recepi</span> <span class='ocrx_word' id='word_1_272' title='bbox 347 3543 425 3609; x_wconf 87' lang='lat' dir='ltr'>igitur</span> <span class='ocrx_word' id='word_1_273' title='bbox 443 3542 497 3591; x_wconf 86' lang='lat' dir='ltr'>sine</span> <span class='ocrx_word' id='word_1_274' title='bbox 517 3527 682 3590; x_wconf 76' lang='lat' dir='ltr'>haesitatione</span> <span class='ocrx_word' id='word_1_275' title='bbox 702 3542 778 3606; x_wconf 80' lang='lat' dir='ltr'>quod,</span> <span class='ocrx_word' id='word_1_276' title='bbox 798 3538 859 3589; x_wconf 89' lang='lat' dir='ltr'>iicet</span> <span class='ocrx_word' id='word_1_277' title='bbox 877 3539 902 3588; x_wconf 88' lang='lat' dir='ltr'>in</span> <span class='ocrx_word' id='word_1_278' title='bbox 919 3537 1022 3590; x_wconf 86' lang='lat' dir='ltr'>Graecis</span> <span class='ocrx_word' id='word_1_279' title='bbox 1040 3536 1139 3606; x_wconf 84' lang='lat' dir='ltr'>legetur</span> 
     </span>
     <span class='ocr_line' id='line_1_31' title="bbox 118 3625 1137 3700; baseline -0.006 -17"><span class='ocrx_word' id='word_1_280' title='bbox 118 3630 136 3683; x_wconf 68' lang='lat' dir='ltr'>t*</span> <span class='ocrx_word' id='word_1_281' title='bbox 153 3630 200 3700; x_wconf 74' lang='lat' dir='ltr'>tyci</span> <span class='ocrx_word' id='word_1_282' title='bbox 218 3629 361 3691; x_wconf 62' lang='lat' dir='ltr'>tritticum.</span> <span class='ocrx_word' id='word_1_283' title='bbox 399 3628 445 3696; x_wconf 81' lang='lat'>22]</span> <span class='ocrx_word' id='word_1_284' title='bbox 464 3628 500 3678; x_wconf 86' lang='lat' dir='ltr'>itu</span> <span class='ocrx_word' id='word_1_285' title='bbox 520 3625 594 3678; x_wconf 89' lang='lat' dir='ltr'>codd.</span> <span class='ocrx_word' id='word_1_286' title='bbox 612 3641 701 3676; x_wconf 89' lang='lat' dir='ltr'>omnes</span> <span class='ocrx_word' id='word_1_287' title='bbox 720 3635 827 3694; x_wconf 87' lang='lat' dir='ltr'>excepto</span> <span class='ocrx_word' id='word_1_288' title='bbox 841 3629 871 3688; x_wconf 81' lang='grc' dir='ltr'>Α,</span> <span class='ocrx_word' id='word_1_289' title='bbox 890 3628 914 3676; x_wconf 93' lang='lat' dir='ltr'>in</span> <span class='ocrx_word' id='word_1_290' title='bbox 929 3641 979 3694; x_wconf 90' lang='lat' dir='ltr'>quo</span> <span class='ocrx_word' id='word_1_291' title='bbox 993 3634 1031 3676; x_wconf 90' lang='lat' dir='ltr'>est</span> <span class='ocrx_word' id='word_1_292' title='bbox 1043 3629 1137 3691; x_wconf 85' lang='lat' dir='ltr'>dicum,</span> 
     </span>
    </p>
   </div>
   <div class='ocr_carea' id='block_1_6' title="bbox 119 3712 1139 3932">
    <p class='ocr_par' dir='ltr' id='par_1_12' title="bbox 119 3712 1139 3932">
     <span class='ocr_line' id='line_1_32' title="bbox 119 3712 1137 3791; baseline -0.009 -19"><span class='ocrx_word' id='word_1_293' title='bbox 119 3720 190 3791; x_wconf 90' lang='lat' dir='ltr'>quod</span> <span class='ocrx_word' id='word_1_294' title='bbox 214 3721 241 3770; x_wconf 89' lang='lat' dir='ltr'>in</span> <span class='ocrx_word' id='word_1_295' title='bbox 266 3718 346 3786; x_wconf 84' lang='lat' dir='ltr'>Epist.</span> <span class='ocrx_word' id='word_1_296' title='bbox 373 3719 415 3768; x_wconf 90' lang='lat' dir='ltr'>cit.</span> <span class='ocrx_word' id='word_1_297' title='bbox 440 3717 517 3767; x_wconf 83' lang='lat' dir='ltr'>habet</span> <span class='ocrx_word' id='word_1_298' title='bbox 534 3715 582 3766; x_wconf 84' lang='lat' dir='ltr'>hic.</span> <span class='ocrx_word' id='word_1_299' title='bbox 619 3718 714 3768; x_wconf 78' lang='lat' dir='ltr'>Dicam</span> <span class='ocrx_word' id='word_1_300' title='bbox 739 3717 836 3782; x_wconf 85' lang='lat' dir='ltr'>scripsit</span> <span class='ocrx_word' id='word_1_301' title='bbox 858 3712 985 3764; x_wconf 86' lang='lat' dir='ltr'>Pemeiius</span> <span class='ocrx_word' id='word_1_302' title='bbox 1010 3714 1087 3781; x_wconf 92' lang='lat' dir='ltr'>idque</span> <span class='ocrx_word' id='word_1_303' title='bbox 1113 3714 1137 3762; x_wconf 91' lang='lat' dir='ltr'>iu</span> 
     </span>
     <span class='ocr_line' id='line_1_33' title="bbox 120 3789 1139 3932; baseline -0.006 -20"><span class='ocrx_word' id='word_1_304' title='bbox 120 3863 234 3932; x_wconf 89' lang='lat' dir='ltr'>quinque</span> <span class='ocrx_word' id='word_1_305' title='bbox 253 3857 324 3909; x_wconf 90' lang='lat' dir='ltr'>libris</span> <span class='ocrx_word' id='word_1_306' title='bbox 341 3865 404 3908; x_wconf 88' lang='lat' dir='ltr'>vett.</span> <span class='ocrx_word' id='word_1_307' title='bbox 424 3857 519 3922; x_wconf 89' lang='lat' dir='ltr'>reperit</span> <span class='ocrx_word' id='word_1_308' title='bbox 538 3853 663 3906; x_wconf 76' lang='lat' dir='ltr'>Betucius.</span> <span class='ocrx_word' id='word_1_309' title='bbox 700 3854 801 3907; x_wconf 87' lang='lat' dir='ltr'>Deinde</span> <span class='ocrx_word' id='word_1_310' title='bbox 819 3855 842 3908; x_wconf 89' lang='lat' dir='ltr'>h.</span> <span class='ocrx_word' id='word_1_311' title='bbox 862 3854 879 3906; x_wconf 91' lang='lat' dir='ltr'>l.</span> <span class='ocrx_word' id='word_1_312' title='bbox 892 3789 939 3907; x_wconf 41' lang='lat' dir='ltr'>‘eei‘</span> <span class='ocrx_word' id='word_1_313' title='bbox 952 3858 1053 3908; x_wconf 79' lang='lat' dir='ltr'>umieoe</span> <span class='ocrx_word' id='word_1_314' title='bbox 1078 3853 1139 3920; x_wconf 80' lang='lat' dir='ltr'>(ced</span> 
     </span>
    </p>
   </div>
   <div class='ocr_carea' id='block_1_7' title="bbox 121 3939 1139 4178">
    <p class='ocr_par' dir='ltr' id='par_1_13' title="bbox 121 3939 1139 4178">
     <span class='ocr_line' id='line_1_34' title="bbox 121 3939 1137 4013; baseline -0.011 -13"><span class='ocrx_word' id='word_1_315' title='bbox 121 3965 137 4000; x_wconf 81' lang='lat' dir='ltr'>s</span> <span class='ocrx_word' id='word_1_316' title='bbox 161 3965 181 4000; x_wconf 88' lang='lat' dir='ltr'>r.</span> <span class='ocrx_word' id='word_1_317' title='bbox 201 3963 234 3998; x_wconf 91' lang='lat' dir='ltr'>m.</span> <span class='ocrx_word' id='word_1_318' title='bbox 259 3944 443 4013; x_wconf 80' lang='lat' dir='ltr'>superscripto)</span> <span class='ocrx_word' id='word_1_319' title='bbox 469 3943 543 3994; x_wconf 83' lang='lat' dir='ltr'>offert</span> <span class='ocrx_word' id='word_1_320' title='bbox 566 3942 596 3994; x_wconf 82' lang='lat' dir='ltr'>h.</span> <span class='ocrx_word' id='word_1_321' title='bbox 644 3941 690 4010; x_wconf 81' lang='grc'>23)</span> <span class='ocrx_word' id='word_1_322' title='bbox 711 3949 795 4010; x_wconf 73' lang='lat' dir='ltr'>sortes</span> <span class='ocrx_word' id='word_1_323' title='bbox 820 3953 845 3996; x_wconf 83' lang='lat' dir='ltr'>et</span> <span class='ocrx_word' id='word_1_324' title='bbox 868 3943 975 3996; x_wconf 79' lang='lat' dir='ltr'>stabiles</span> <span class='ocrx_word' id='word_1_325' title='bbox 999 3945 1062 3995; x_wconf 86' lang='lat' dir='ltr'>dicit</span> <span class='ocrx_word' id='word_1_326' title='bbox 1087 3939 1137 3990; x_wconf 86' lang='lat' dir='ltr'>Mb.</span> 
     </span>
     <span class='ocr_line' id='line_1_35' title="bbox 121 4028 1139 4101; baseline -0.008 -13"><span class='ocrx_word' id='word_1_327' title='bbox 121 4035 199 4088; x_wconf 84' lang='lat' dir='ltr'>Paulo</span> <span class='ocrx_word' id='word_1_328' title='bbox 225 4043 282 4101; x_wconf 86' lang='lat' dir='ltr'>post</span> <span class='ocrx_word' id='word_1_329' title='bbox 302 4044 397 4086; x_wconf 80' lang='lat' dir='ltr'>contra</span> <span class='ocrx_word' id='word_1_330' title='bbox 422 4035 558 4086; x_wconf 78' lang='lat' dir='ltr'>molestius</span> <span class='ocrx_word' id='word_1_331' title='bbox 583 4049 674 4084; x_wconf 78' lang='lat' dir='ltr'>ornnes</span> <span class='ocrx_word' id='word_1_332' title='bbox 699 4031 758 4083; x_wconf 89' lang='lat' dir='ltr'>edd.</span> <span class='ocrx_word' id='word_1_333' title='bbox 783 4039 846 4083; x_wconf 90' lang='lat' dir='ltr'>vett.</span> <span class='ocrx_word' id='word_1_334' title='bbox 865 4045 887 4082; x_wconf 86' lang='lat' dir='ltr'>c.</span> <span class='ocrx_word' id='word_1_335' title='bbox 906 4028 994 4082; x_wconf 85' lang='lat' dir='ltr'>Remb.</span> <span class='ocrx_word' id='word_1_336' title='bbox 1030 4028 1096 4082; x_wconf 87' lang='lat' dir='ltr'>Dein</span> <span class='ocrx_word' id='word_1_337' title='bbox 1115 4037 1139 4080; x_wconf 86' lang='lat' dir='ltr'>et</span> 
     </span>
     <span class='ocr_line' id='line_1_36' title="bbox 122 4117 695 4178; baseline -0.016 0"><span class='ocrx_word' id='word_1_338' title='bbox 122 4125 270 4178; x_wconf 82' lang='lat' dir='ltr'>turbidinee</span> <span class='ocrx_word' id='word_1_339' title='bbox 289 4117 333 4173; x_wconf 82' lang='lat' dir='ltr'>Bu.</span> <span class='ocrx_word' id='word_1_340' title='bbox 370 4119 449 4173; x_wconf 88' lang='lat' dir='ltr'>Deest</span> <span class='ocrx_word' id='word_1_341' title='bbox 467 4122 586 4174; x_wconf 77' lang='lat' dir='ltr'>inmobili</span> <span class='ocrx_word' id='word_1_342' title='bbox 604 4120 628 4170; x_wconf 91' lang='lat' dir='ltr'>in</span> <span class='ocrx_word' id='word_1_343' title='bbox 647 4118 695 4170; x_wconf 84' lang='lat' dir='ltr'>hic.</span> 
     </span>
    </p>
   </div>
   <div class='ocr_carea' id='block_1_8' title="bbox 0 0 1441 4806">
    <p class='ocr_par' dir='ltr' id='par_1_14' title="bbox 0 0 1441 4806">
     <span class='ocr_line' id='line_1_37' title="bbox 0 0 1441 4806; baseline 0 0"><span class='ocrx_word' id='word_1_344' title='bbox 0 0 1441 4806; x_wconf 95' lang='lat' dir='ltr'> </span> 
     </span>
    </p>
   </div>
  </div>
 </body>
</html>
