2872 4806
801 443 827 508 8

307 605 374 670 eius
395 609 426 667 ct
445 603 517 688 lege
537 621 599 667 non
622 609 736 666 mantes
758 602 941 666 Christianos
967 598 1126 686 selroeent
1154 611 1185 666 et
1214 604 1323 666 amhn-
1424 663 1425 670 ,

306 719 403 784 lantes
424 719 455 780 in
478 718 612 781 tenebris
633 717 747 780 habere
769 735 806 781 se
827 717 926 780 lumen
956 719 1124 780 existiment
1147 717 1323 781 hlundientc

307 833 483 898 advmsario
505 839 594 915 atque
617 833 755 911 fallente,
785 833 835 914 qui
865 831 1029 895 secundum
1058 833 1186 914 apostoli
1215 851 1324 896 rocem

306 945 498 1029 transfigurat
521 967 557 1010 se
574 945 616 1025 ¹²)
637 947 719 1009 velut
742 947 881 1031 angelum
902 947 979 1009 lucis
1008 953 1038 1008 et
1067 949 1218 1010 ministros
1246 947 1324 1010 suh-

280 1065 394 1123 somat
423 1075 495 1122 suos
524 1058 608 1120 velut
636 1059 789 1121 ministros
820 1059 966 1136 iustitiae,
998 1059 1174 1123 adserentes
1203 1069 1323 1124 noctem

305 1191 363 1256 pro
379 1171 437 1251 dio,
452 1173 602 1234 interitum
618 1190 674 1254 pro
690 1172 797 1250 salute,
818 1173 1057 1254 desperationem
1073 1175 1128 1236 suh
1145 1175 1268 1238 obtentu
1285 1173 1323 1253 13)

306 1287 389 1369 spei,
411 1285 564 1368 perfidiam
587 1287 642 1349 suh
665 1294 824 1369 praetextu
847 1287 933 1365 fidei,
960 1289 1163 1352 antichristum
1186 1289 1240 1350 suh
1262 1305 1321 1352 vo-

306 1399 411 1464 cabulo
428 1399 536 1462 Christi
552 1395 599 1478 ¹⁴),
622 1407 664 1477 ut,
687 1398 756 1460 dum
776 1399 948 1462 verisimilia
966 1397 1002 1475 ¹⁵)
1026 1400 1215 1479 mentiuntur,
1237 1401 1321 1463 veri-

306 1520 396 1578 tatem
419 1513 582 1577 subtilitate
604 1512 791 1576 frustrentur.

787 1705 847 1772 Ill.

268 1865 295 1909 ro
392 1855 457 1918 lloo
480 1869 519 1916 eo
542 1852 574 1914 lit
593 1851 633 1931 ¹),
665 1851 772 1915 iratres
795 1851 992 1932 dilectissimi,
1025 1799 1094 1916 dum
1123 1853 1161 1916 ad
1192 1855 1323 1918 veritatis
1426 1943 1427 1948 ἵ

307 1971 454 2055 originem
477 1985 538 2031 non
560 1965 691 2045 reditur,
721 1985 778 2028 neo
801 1973 889 2047 eaput
912 1968 1083 2048 quaeritur,
1112 1985 1169 2030 nco
1193 1971 1325 2052 magistri
1426 2051 1427 2060 ἵ

307 2085 446 2148 caelestis
470 2082 604 2146 doctrino
627 2066 793 2144 servator.'
813 2079 937 2172 Ouao²t
959 2084 985 2144 si
1008 2084 1074 2164 quis
1097 2084 1270 2147 consideret
1294 2093 1325 2148 et

306 2199 473 2277 examinet,
503 2203 626 2260 tractatu
649 2197 741 2279 longo
766 2203 854 2276 atque
877 2198 1060 2280 argumentis
1083 2213 1159 2278 opus
1182 2216 1243 2260 nou
1266 2205 1321 2262 est.

306 2313 443 2378 Probatio
474 2316 520 2374 cst
545 2309 586 2396 ad¹
605 2308 692 2372 tidem
716 2307 811 2370 facilis
828 2303 854 2383 3)
879 2308 1048 2388 conpendio
1071 2311 1211 2371 veritatis.
1256 2311 1322 2372 Lo-

267 2427 404 2510 loquitur
432 2424 569 2488 dominus
600 2421 637 2484 ad
665 2423 782 2483 Petrum
800 2417 844 2496 ⁴l:
876 2420 943 2498 Euo
973 2420 1028 2482 tibi
1056 2423 1125 2483 dico
1143 2419 1187 2502 ⁵),
1219 2425 1322 2506 inquit,
1427 2403 1428 2448 ³

305 2541 433 2622 quintu
457 2535 634 2610 ocPetrum
667 2543 697 2596 et
723 2554 816 2614 super
845 2535 935 2596 iatam
962 2542 1081 2613 petrum
1097 2531 1125 2611 ⁶)
1153 2537 1322 2618 oedificabo

305 2719 356 2774 Mb.
384 2719 441 2772 ttm
453 2729 481 2775 ut
494 2717 555 2788 (pro
567 2719 603 2782 ot)
616 2735 675 2772 cum
685 2719 867 2770 obseruatione
877 2715 925 2768 llla.
953 2715 1014 2768 Tum
1023 2727 1145 2772 aecocent
1154 2715 1192 2770 Bb
1203 2723 1322 2772 ettucem

305 2823 351 2875 pro
370 2809 458 2861 tumen
476 2806 506 2860 A.
545 2805 589 2871 12)
607 2821 638 2858 co
657 2819 705 2855 om.
726 2803 754 2854 A.
786 2800 885 2852 Deinde
904 2806 1016 2872 angelus
1035 2802 1084 2854 llb.
1115 2803 1163 2856 Pro
1181 2809 1322 2860 ministros

305 2913 373 2950 nuos
390 2898 519 2948 subornat
538 2891 589 2960 (uic
602 2889 646 2943 Bb.
661 2889 708 2942 lllc.
723 2891 744 2942 A
758 2899 784 2941 et
796 2889 882 2942 Baluz.
897 2907 918 2940 c.
932 2888 1037 2958 Goldh.)
1056 2892 1158 2944 ecodd.
1172 2892 1212 2944 W.
1225 2892 1282 2944 hlud
1297 2901 1322 2944 et

305 2979 351 3047 Bu,
371 2983 519 3051 quibuscum
534 2979 631 3032 fuciunt
649 2978 707 3032 edd.
722 2977 881 3030 Baluuiunam
901 2977 1090 3043 antecedentes,
1110 2978 1170 3028 dedi
1182 2981 1322 3034 ministros

305 3072 526 3124 automatum.
563 3067 604 3118 lllb
618 3066 707 3119 scribit
722 3070 862 3120 ministros
881 3082 949 3118 auos
967 3075 1050 3118 orout
1090 3064 1134 3130 13)
1153 3084 1201 3135 pro
1220 3069 1322 3123 ohteruu

304 3153 336 3220 h,
352 3159 402 3210 uui
415 3159 541 3225 obtemptu
555 3169 603 3222 pn,
622 3153 680 3204 dein
693 3157 742 3207 suh
756 3157 875 3220 ohtouptu
889 3152 952 3219 (sic)
966 3152 1013 3202 lllc.
1047 3153 1092 3220 14)
1105 3157 1263 3223 impietatem
1273 3173 1321 3224 pru

303 3245 396 3313 pietate
409 3245 459 3296 suh
473 3251 555 3298 tronto
568 3259 615 3296 aroc
628 3251 698 3295 tanto
712 3243 815 3296 Christi
827 3243 954 3294 vocabulo
971 3255 1017 3306 pro
1029 3239 1165 3310 perfidiam
1177 3245 1227 3296 aui
1241 3261 1321 3310 prac-

305 3339 380 3384 tuutu
397 3333 469 3398 liutei,
492 3331 679 3384 antichristum
697 3331 747 3382 suh
766 3329 892 3380 uocabulo
912 3329 1014 3382 Christi
1032 3328 1107 3379 habet
1126 3327 1180 3393 llo,
1199 3330 1225 3380 iu
1243 3344 1321 3398 marg.

306 3423 388 3468 tumen
407 3417 540 3485 genuinum
559 3415 693 3482 lectionem
714 3431 728 3466 a
746 3431 766 3466 r.
780 3431 810 3466 m.
828 3441 857 3456 -
872 3419 921 3468 suh
939 3425 1076 3484 praeteuto
1096 3415 1152 3468 lllab
1173 3425 1198 3468 et
1209 3414 1254 3481 Ba,
1273 3433 1323 3468 uec

306 3503 378 3556 aliter
390 3520 426 3572 pr.
440 3503 480 3557 W.
521 3505 564 3572 15)
577 3508 635 3558 oeci
646 3505 748 3556 similia
761 3500 798 3553 Bb
812 3510 838 3553 et
851 3503 896 3554 lde.
928 3502 994 3554 Dein
1007 3506 1158 3556 muniuntur
1169 3507 1279 3556 varitate
1291 3502 1321 3554 A.

376 3589 415 3644 lll.
431 3589 458 3660 1)
471 3594 527 3646 ideo
540 3607 586 3660 pro
599 3609 628 3646 ao
641 3597 668 3657 fit
680 3587 727 3654 Ba,
740 3594 782 3644 sic
795 3605 841 3656 pro
853 3597 881 3659 fit
893 3593 926 3643 A.
954 3589 1012 3642 lllox
1025 3594 1058 3643 ud
1070 3594 1181 3644 unitatis
1194 3593 1323 3659 oriyirtom

306 3675 510 3745 contituimus,
530 3683 563 3733 ud
580 3683 657 3734 verit.
678 3681 795 3732 ordinem
815 3677 892 3730 habet
905 3677 953 3743 ltlc,
972 3677 1094 3744 deinceps
1111 3695 1164 3730 riou
1180 3680 1323 3756 revertitur

306 3779 353 3834 on.
385 3779 446 3834 rum
465 3785 615 3854 maantam
632 3783 688 3835 ver.
708 3791 733 3834 st
750 3781 799 3834 no.
836 3781 866 3850 2)
885 3788 971 3850 onam
984 3782 1015 3834 A.
1052 3781 1080 3846 a)
1101 3785 1204 3834 raum
1224 3765 1236 3796 ⁶
1253 3800 1321 3850 ρω-

307 3871 374 3925 totio
393 3873 426 3924 ud
442 3873 516 3938 fidam
534 3873 567 3937 (a
585 3869 638 3923 abr.
657 3887 689 3922 m.
708 3869 848 3937 supersum]
862 3869 910 3923 llic.
940 3869 1078 3937 Praeposit.
1092 3873 1125 3922 ad
1140 3884 1190 3919 om.
1203 3866 1239 3918 Ba
1253 3876 1279 3919 ct
1291 3868 1321 3921 A.

307 3955 371 4008 Dein
390 3955 477 4010 mutilo
493 3961 511 4028 fl
528 3973 575 4026 pro
591 3961 666 4028 fidam
683 3955 729 4010 Ba.
765 3956 825 4008 Tum
843 3961 955 4027 facilius
974 3957 1021 4022 llh.
1067 3954 1321 4026 4Jllotth.16‚18.

307 4043 336 4116 ⁵)
355 4047 413 4120 ligo
425 4047 479 4112 utu,
499 4047 591 4119 inquit,
607 4055 689 4120 petre,
708 4047 765 4101 dicu
779 4047 811 4113 A,
829 4063 876 4121 ego
894 4050 952 4102 dicu
965 4050 1013 4101 titi
1024 4044 1065 4099 htb
1076 4052 1103 4098 et
1116 4041 1163 4096 Ba.
1197 4042 1228 4112 6)
1241 4059 1323 4114 super
