2872 4806
577 445 620 512 63

92 609 172 674 nobis
187 607 325 673 divinitus
346 605 529 688 disciplinam
554 605 724 689 perlonga
748 609 932 686 corruperat,
956 603 1101 667 iacentem

92 721 172 786 tidem
201 727 246 801 et,
274 739 371 804 peeue
402 719 546 798 dixerim,
577 717 773 781 dormientem
806 734 933 780 censura
964 718 1103 780 caelestis

92 837 189 914 erexit,
211 853 340 916 cumque
364 851 419 898 nos
432 831 460 912 ⁴)
482 833 614 915 pcccatis
637 831 749 895 nostris
765 832 890 914 emplius
909 849 1103 912 mereremur,
1209 869 1214 881 ι

91 951 328 1013 clementissimus
352 949 489 1012 dominus
512 949 557 1011 sie
580 953 686 1010 cuncte
709 946 882 1010 moderatus
906 951 967 1025 cst,
990 953 1023 1009 ut
1044 947 1104 1009 boc

69 1072 179 1143 temne,
203 1062 285 1146 quod
307 1071 426 1146 gestum
449 1069 504 1143 est,
528 1063 696 1144 exploratio
712 1062 811 1144 potius
828 1079 915 1143 quem
931 1063 1103 1144 persecutio

90 1177 241 1242 videretur.
288 1177 452 1242 studebunt
474 1176 614 1260 eugendo
637 1175 816 1259 patrimonio
841 1175 968 1259 singuli,
992 1181 1022 1238 et
1044 1177 1103 1239 ob-

89 1292 126 1354 liti
151 1291 220 1373 quid
251 1290 411 1354 credentes
441 1297 491 1354 eut
521 1291 576 1353 sub
607 1291 752 1372 apostolis
783 1296 851 1353 ente
882 1288 1026 1353 iecissent
1056 1294 1106 1353 eut

91 1423 200 1488 semper
223 1405 326 1470 lucere
350 1405 506 1485 deberent,
528 1404 688 1467 insatiabili
711 1403 880 1486 cupiditatis
903 1403 1014 1468 erdere
1037 1411 1131 1475 snm-l

90 1520 206 1601 plinndis
230 1520 419 1584 lecidtetibus
442 1519 629 1583 incubabant.
666 1517 735 1582 Nou
751 1519 782 1581 in
804 1516 981 1582 sacerdotiis
995 1513 1024 1596 ⁵)
1048 1488 1125 1580 res

61 1633 285 1717 religiossime,
301 1633 403 1697 nonin
419 1632 589 1697 ministeriis
605 1629 680 1696 fides
697 1631 823 1716 integre,
839 1650 899 1696 non
916 1633 945 1695 in
963 1633 1104 1714 operibus

89 1748 296 1826 misericordie,
319 1765 381 1810 non
396 1747 426 1839 in
442 1746 575 1808 moribus
592 1742 754 1828 discipline.
792 1744 939 1828 corrupte
960 1746 1052 1810 barbe
1074 1746 1132 1817 inf

90 1862 162 1940 viris,
177 1863 205 1925 in
222 1861 343 1925 leminis
361 1859 456 1924 forme
472 1859 570 1924 lucete
581 1849 618 1938 ὅ).
652 1857 820 1923 Adulteruti
834 1853 860 1937 7)
875 1863 944 1943 post
956 1859 1003 1922 dei
1019 1858 1104 1950 lmu—
1119 1859 1157 1905 ¹⁸³
1262 1889 1265 1894 ·

90 1993 138 2038 nus
146 1976 233 2056 oculi,
246 1975 342 2056 capilli
352 1972 507 2038 mendacio
520 1973 653 2037 colorati.
679 1971 726 2036 Ad
737 1973 914 2057 decipienda
925 1973 1017 2038 corda
1030 1975 1106 2037 sim-

91 2088 198 2169 plicium
208 2083 373 2168 callidee⁸l
384 2087 515 2169 fraudes,
529 2087 799 2152 circumveniendis
808 2087 948 2152 iratribus
959 2086 1106 2152 subdolae

91 2345 217 2409 solertem,
242 2341 286 2395 Μὰ
312 2353 336 2397 et
354 2352 383 2396 nt
399 2360 466 2412 pene
483 2345 540 2397 dios.
559 2345 642 2397 domn.
678 2343 752 2398 Utin
771 2340 811 2394 lllb
830 2357 851 2394 r.
870 2357 903 2394 m.
922 2341 1107 2410 superscripsit.

91 2427 147 2480 llell.
164 2438 251 2484 sutem
271 2429 329 2481 libri
349 2445 424 2481 manu
443 2432 540 2482 excreti
560 2437 587 2481 et
604 2431 672 2498 typis
691 2431 806 2498 expressi
822 2427 927 2481 voculas
945 2433 1023 2483 etita
1035 2437 1108 2481 recte

91 2527 134 2568 em.
167 2515 217 2569 l’ro
235 2535 321 2588 poene
337 2519 362 2568 in
387 2515 546 2585 blnlegitur
571 2521 642 2572 tene.
682 2517 711 2582 4)
738 2516 820 2569 Abest
843 2535 894 2570 nos
919 2533 934 2568 u
960 2515 1000 2570 lllb
1027 2524 1053 2568 et
1075 2515 1108 2570 Α.

91 2599 211 2675 Deinceps
228 2623 280 2676 pre
297 2608 413 2674 peccetis
433 2603 553 2656 exhibent
571 2613 624 2657 tres
637 2603 692 2658 ltel.
712 2613 738 2656 et
756 2604 797 2656 llld
817 2621 840 2657 c.
860 2605 920 2658 edd.
939 2613 1012 2671 vett,
1031 2605 1108 2656 item-

92 2739 134 2792 que
150 2723 249 2781 Eresm.
270 2724 344 2778 Grev.
364 2742 394 2778 sc
411 2725 528 2791 blorell.,
550 2712 585 2763 Ψ
585 2711 600 2746 ⁰
623 2731 744 2797 peccatis
763 2726 828 2782 llbc.
865 2727 926 2780 Tum
942 2730 1001 2798 peti
1016 2744 1108 2782 mere·

91 2829 174 2867 rennes·
191 2823 314 2884 quattuor
331 2815 429 2882 antiqui
447 2813 506 2866 libri
524 2812 656 2866 aBnlusio
670 2813 766 2880 colluti,
785 2822 837 2867 tres
854 2814 910 2867 ltsl.
930 2814 1000 2880 etd,
1019 2815 1110 2882 quibus

92 2901 208 2954 secedunt
220 2901 281 2954 edd.
294 2897 403 2965 Essem,
416 2899 501 2966 Gran,
515 2903 539 2952 ln
553 2917 603 2970 qus
613 2905 670 2972 peti
684 2902 860 2954 minutioribus
878 2903 967 2954 litteris
986 2905 1109 2971 scriptum

91 2987 217 3055 inuenitur,
236 2995 314 3056 etque
327 2987 423 3040 Pemel.
453 2987 535 3039 Recte
548 2988 621 3042 abest
632 2993 688 3059 peti
705 2988 737 3041 ab
750 2989 805 3042 rell.
820 2989 895 3041 codd.
909 2992 1011 3056 nostris,
1032 3000 1108 3042 octo-

92 3072 267 3154 decim'leus.
282 3083 308 3126 et
326 3075 438 3143 quinque
451 3072 536 3144 Aegl,
555 3078 614 3128 item
628 3077 782 3146 abantiquis
796 3077 854 3129 edd.
885 3075 986 3130 Excidit
998 3089 1039 3132 est
1051 3086 1110 3148 post

92 3163 236 3216 moderatus
255 3163 282 3212 iu
306 3161 337 3213 Α.
372 3161 441 3213 lnirs
465 3178 512 3230 pro
537 3167 676 3219 videretur·
692 3164 730 3216 Be
757 3165 835 3217 hebet
856 3167 986 3220 videatur.
1023 3165 1052 3232 5)
1073 3166 1110 3218 lte

93 3245 128 3297 W.
145 3247 191 3300 lle.
210 3246 248 3300 ua
274 3256 299 3301 et
323 3264 387 3301 uuus
410 3249 465 3303 ltul.
487 3249 580 3320 linig.
605 3256 635 3306 io
660 3255 853 3307 sacerdotibus.
889 3251 948 3303 Mox
968 3256 998 3306 in
1022 3257 1109 3307 mini-

20 3383 21 3396 ,
93 3340 177 3392 stertis
199 3354 248 3405 pre
269 3341 298 3391 iss
320 3342 456 3394 ministris
473 3338 507 3390 W
526 3339 580 3408 (ex-
599 3357 664 3393 corr.
684 3341 798 3392 eiusdem
823 3341 879 3404 m).
903 3338 975 3406 blec,
1002 3357 1040 3408 pr.
1059 3340 1109 3396 llb.

92 3417 173 3475 ben
199 3433 226 3476 et
252 3425 303 3477 duo
328 3419 474 3481 tibri'ven.
493 3443 534 3498 ap.
553 3427 639 3480 Belus.
660 3446 683 3484 c.
703 3429 815 3498 quinque
839 3427 914 3497 Angl.
959 3426 1110 3497 Conspireut

94 3509 147 3564 edd.
160 3520 232 3578 vett„
245 3514 306 3564 item
318 3511 415 3565 Erssm.
435 3522 461 3567 et
474 3515 576 3570 llnnut.¹
586 3517 711 3584 prebente
731 3516 898 3569 Gronovio
917 3513 1063 3568 Observstt.
1082 3517 1109 3568 in

94 3594 255 3666 Scriptoribus
269 3599 362 3652 eccles.
376 3617 401 3669 p.
415 3601 474 3655 612.
506 3602 571 3666 Dein
583 3601 662 3655 verbs
674 3606 868 3670 misericordia,
880 3621 934 3658 nen
945 3607 974 3656 in
986 3606 1109 3658 moribus

94 3681 180 3736 desunt
202 3687 229 3738 in
248 3685 279 3738 Α.
314 3686 344 3755 6)
366 3691 466 3757 pudica
490 3691 595 3758 (secuta
619 3689 652 3741 sb
676 3705 697 3742 r.
716 3705 748 3742 m.
767 3690 908 3759 superscr.)
932 3689 988 3757 lte,
1015 3695 1110 3760 mats

95 3783 155 3822 corr.
174 3788 190 3824 e
206 3777 300 3844 [npetu
317 3777 343 3828 in
360 3775 411 3830 blb.
447 3777 475 3844 7)
495 3781 656 3832 Adoltsrctio
675 3776 723 3831 lla.
753 3777 869 3832 Proxime
887 3781 913 3832 in
931 3780 1024 3832 eodem
1043 3778 1111 3832 libro

95 3871 165 3925 supra
188 3879 288 3917 monus
306 3880 321 3916 a
339 3879 360 3916 r.
379 3881 412 3916 m.
431 3867 552 3935 scriptum
579 3873 618 3918 est
639 3865 767 3936 glossema
789 3871 946 3940 liquentum.
988 3866 1047 3920 blox
1069 3865 1111 3920 blo

48 3993 52 3998 .
95 3946 214 4000 mendose
232 3946 312 4003 babet
332 3955 455 4008 collocuti
473 3957 522 4022 (pr.
535 3955 669 4022 colorati),
686 3953 840 4012 Acolerats'.
875 3953 906 4026 8)
925 3957 1029 4010 collidet
1047 3955 1109 4024 (sie)

96 4027 124 4082 Α.
157 4031 223 4090 Dein
241 4041 363 4107 fabulose
380 4043 531 4097 noluntates
548 4041 617 4094 idem
635 4039 710 4110 liber,
727 4046 875 4114 voluptates
893 4042 935 4097 ltb
953 4051 980 4098 et
997 4041 1044 4096 ub.
