2874 4806
105 588 271 670 respondet
290 584 327 662 ¹⁷)
360 588 397 654 ed
426 589 515 654 fidem
542 591 671 656 nominis
694 577 819 657 secretio
841 593 975 660 veritatis
999 602 1029 660 et
1051 615 1123 662 ore-

106 701 188 766 denti
210 705 371 785 proemium
394 703 489 785 detur,
513 705 538 769 si
562 707 646 786 quod
667 707 799 772 creditur
822 715 852 772 et
874 717 1004 794 geratur.

578 903 653 972 vll.

192 1041 384 1124 Locuptetem
415 1050 446 1106 te
479 1044 552 1108 diois
586 1051 617 1108 et
651 1043 779 1108 divitem.
836 1019 898 1112 Sed¹
925 1047 1033 1113 divitiis
1066 1052 1124 1115 tuis

105 1156 212 1221 Pontus
234 1159 363 1221 occurrit
386 1164 416 1220 et
438 1157 475 1220 od
499 1158 609 1221 cultum
632 1165 720 1241 etque
744 1167 879 1224 ornatum
892 1159 918 1238 ι)
941 1168 1022 1225 tuum
1045 1166 1123 1229 iusto

79 1269 165 1352 §fine
195 1269 407 1346 moderandum
438 1287 492 1333 suo
522 1287 600 1334 vooe
629 1272 813 1351 praescribit.
859 1271 946 1351 Sint,
977 1277 1071 1356 inquit
1086 1273 1124 1358 ²),

106 1385 248 1448 mlieres
276 1403 344 1448 enm
364 1384 552 1448 oereonnde'o
574 1391 605 1446 et
620 1385 778 1464 pudicitia
794 1383 821 1464 3)
847 1386 1056 1470 conponentes
1078 1409 1123 1469 se,
1199 1403 1201 1408 ’

106 1515 167 1559 non
189 1499 224 1560 tn
247 1499 337 1562 tortr'e
359 1499 518 1576 crinibus,
549 1515 650 1579 neqoo
683 1515 782 1575 oneo,
815 1519 913 1581 neone
942 1505 1125 1584 moryorttte

105 1620 158 1676 ont
184 1621 267 1678 oeete
293 1614 451 1694 prettoeo,
481 1614 537 1678 eod
564 1621 599 1676 nt
627 1612 715 1675 decet
735 1599 880 1678 motteree
899 1619 1117 1694 promittentes

105 1727 278 1790 caetitatem
302 1723 502 1808 perbonam
534 1723 819 1798 oonoereottotnem.
873 1726 950 1794 Item,
976 1731 1082 1795 Petrus
1097 1730 1175 1820 1)176

67 1841 145 1906 rond
175 1842 249 1906 hoen
282 1841 394 1906 eodem.
417 1847 578 1924 praeoepto
609 1842 759 1904 consentit
791 1848 821 1906 et
851 1841 921 1907 dicit
937 1841 980 1924 5);
1015 1847 1066 1910 Sit
1090 1850 1126 1910 in

106 1951 235 2022 moltero
257 1975 321 2022 non
342 1957 482 2020 eotertor
509 1957 685 2020 ornamenti
716 1965 771 2019 ont
802 1960 874 2021 nort
889 1955 917 2038 6)
947 1969 1003 2023 ont
1028 1964 1127 2024 oeette

106 2073 216 2150 cotton,
240 2072 296 2134 sed
317 2071 420 2134 mettere
441 2071 559 2134 coron.
606 2070 740 2146 Quodsi
763 2072 813 2136 ille
829 2068 856 2152 ⁷)
878 2075 1019 2138 mulieres
1043 2093 1125 2159 quo-

176 2323 221 2390 17)
244 2325 408 2394 reepondotr't
424 2321 465 2374 W.
485 2321 613 2413 ttebejss.
633 2325 656 2374 Α
674 2329 700 2375 et
718 2319 760 2375 Fr.
779 2321 859 2375 Erum.
879 2323 903 2376 2.
929 2341 951 2377 o.
977 2325 1017 2378 ed.
1047 2324 1122 2380 Gran.

103 2485 166 2538 Tum
194 2421 311 2538 uotam
328 2482 384 2551 (tor
408 2499 423 2534 e
446 2498 467 2533 r.
489 2498 522 2534 m.
548 2479 687 2551 superscr.)
712 2482 766 2546 Mc,
796 2491 910 2537 eoototor
934 2482 991 2533 edd.
1016 2491 1080 2537 vett.
1102 2502 1125 2537 o.

102 2571 193 2625 nomn.
214 2580 239 2623 et
264 2569 362 2624 Ereem.
398 2571 465 2623 Ante
491 2581 515 2625 et
541 2574 656 2634 eredenti
674 2569 697 2622 Α
715 2569 816 2622 infercit
840 2581 911 2626 tone.
948 2569 1014 2622 Dein
1039 2591 1122 2642 prae.

103 2670 205 2731 neptum
223 2675 269 2727 pro
287 2663 435 2726 praemium
453 2659 518 2710 mate
536 2657 623 2710 scribit
642 2657 689 2712 na.
1103 2671 1105 2676 ’

173 2745 225 2800 vn.
252 2747 279 2815 1)
293 2751 407 2801 Pontum
420 2750 552 2801 oeooltnm
570 2757 594 2802 et
612 2751 645 2800 ort
663 2749 762 2801 outtnm
780 2756 804 2800 et
821 2751 854 2800 ort
872 2757 997 2802 ornatum
1018 2749 1080 2818 (sio)
1094 2747 1124 2800 Α.

103 2835 174 2888 Idem
192 2840 220 2889 e'n
238 2838 291 2889 e‘rto
308 2839 371 2904 fine,
399 2833 438 2886 Me
463 2839 537 2888 tereto
562 2837 628 2902 fine,
655 2831 750 2885 Thoen.
771 2842 797 2885 et
815 2832 880 2886 liber
897 2833 922 2887 S.
942 2835 1063 2904 Arnutphi
1085 2853 1124 2904 ep.

103 2921 190 2975 Bolon.
216 2925 413 2991 inettfioote'ono.
465 2921 526 2973 Post
558 2925 746 2976 moderandum
771 2920 793 2972 Α
819 2937 951 2990 perperam
979 2923 1047 2975 addit
1076 2934 1123 2978 eet.

104 3011 133 3078 2)
154 3010 177 3062 1.
197 3009 303 3062 Timoth.
324 3009 349 3074 2,
369 3009 462 3062 9-10,
479 3009 485 3048 '=
510 3008 538 3078 3]
558 3028 590 3063 oo
606 3013 735 3078 podiotte'o
753 3007 794 3061 Fr.
814 3007 895 3061 Emm.
915 3009 957 3075 2.,
976 3019 1000 3062 et
1017 3013 1124 3072 punicea

105 3097 172 3170 Mcgt.
211 3097 268 3148 Mox
284 3114 366 3168 neone
383 3116 467 3164 euro,
492 3115 574 3167 neone
592 3108 714 3170 noyento,
739 3115 787 3152 noo
804 3100 960 3167 moryortn'e
978 3095 1024 3148 Mc.
1061 3096 1124 3148 Tum
1142 3121 1143 3126 =

103 3203 185 3256 neone
212 3195 285 3240 oeeto
310 3190 452 3256 proootoea
476 3186 533 3252 Mb,
562 3195 608 3239 ont
636 3190 729 3257 petora
752 3195 827 3240 noete
850 3185 908 3236 edd.
936 3183 981 3236 SP.
1009 3185 1073 3236 Ven.
1101 3184 1123 3236 1.

104 3273 204 3338 Remb„
232 3282 278 3327 ont
302 3275 427 3342 precioso
452 3282 526 3327 noete
549 3271 669 3324 Deventr.
693 3272 756 3323 Ver.
776 3271 800 3323 2.
822 3269 920 3322 Ereom.
941 3269 1014 3324 Grov.
1056 3269 1122 3323 Infra

157 3363 335 3416 versationem

105 3431 336 3486 oo'neoroote'onem
359 3429 407 3482 Mc.
454 3430 484 3499 4)
510 3433 614 3485 Pontoe
631 3427 673 3482 Fr.
694 3427 776 3481 Emm.
796 3428 821 3480 2.
866 3425 920 3480 Om.
947 3431 981 3483 od
1004 3433 1068 3482 noer
1092 3427 1123 3480 Α.
1161 3423 1165 3432 “

685 3521 758 3572 'thoe

105 3589 135 3660 5)
154 3588 257 3642 neor.
272 3589 297 3655 3,
310 3588 386 3642 3-4.
423 3588 452 3654 6)
470 3591 531 3643 Sint
547 3593 577 3643 in
594 3592 723 3644 motteree
776 3585 850 3655 [ϋηο
868 3602 883 3637 e
900 3601 920 3637 r.
934 3601 966 3637 rn.
984 3584 1124 3653 euperecr.)

104 3695 160 3731 noo
183 3681 302 3731 enter-tor
327 3679 473 3731 ornamenti
491 3676 536 3744 (ex
555 3685 615 3728 mut.
634 3692 654 3729 r.
673 3693 705 3728 m.
725 3678 860 3729 extortor-o
879 3672 1043 3740 ornamento)
1062 3675 1124 3726 onrr'
1149 3707 1156 3734 ,
1193 3661 1196 3667 ’

105 3763 148 3816 Fr.
167 3763 247 3816 Erum.
267 3765 308 3829 2.;
334 3762 473 3831 entere'ss,
499 3769 643 3820 oetertore'e
663 3764 704 3817 ed.
723 3763 844 3815 Deventr.
881 3761 909 3826 7)
928 3760 966 3812 lta
983 3760 1023 3811 W.
1043 3759 1123 3813 nano.

105 3850 135 3904 B.
154 3852 191 3918 A,
217 3839 280 3907 ittoo
297 3857 356 3920 (eor.
375 3854 434 3921 tlte)
452 3853 507 3904 Vnt.
528 3867 630 3918 omnen,
655 3855 697 3906 e‘tte'
714 3850 755 3904 Fr.
774 3849 855 3902 Emm.
874 3849 898 3901 2.
918 3846 960 3900 nd
985 3856 1011 3899 et
1028 3847 1124 3917 vulgati
1226 3857 1229 3864 '

105 3939 174 3992 libri.
216 3939 277 3992 Tum
303 3944 419 3996 admonet
445 3939 528 3992 Morbo.
555 3940 593 4006 Α,
617 3951 745 4012 ammonet
762 3939 802 3991 W.
829 3937 865 4004 Β,
892 3940 1028 3991 admonent
1054 3935 1127 3987 editi:

108 4027 196 4080 Statim
221 4031 394 4084 oottoroentoe
413 4027 469 4095 Me,
494 4031 520 4081 in
544 4043 595 4098 quo
618 4033 707 4084 tter.
726 4045 760 4082 m.
780 4027 977 4096 superscriptum
1003 4031 1057 4090 eet,
1080 4021 1122 4075 Fr.
