2872 4806
585 441 628 509 ts

102 607 132 666 et
150 601 237 684 pueri
258 619 353 666 annos
376 619 450 668 suos
480 603 639 668 virtutibus
670 607 879 682 transeuntes,
895 651 896 659 κ
910 619 969 666 nec
999 619 1060 668 non
1088 606 1119 667 ot

102 721 199 780 cetera
236 717 374 780 stantium
391 716 418 795 ⁶)
452 716 606 781 multitudo
645 723 776 780 vestram
812 717 939 802 gloriam
975 718 1120 799 sequitur,

101 829 244 911 proximis
280 839 310 894 et
340 850 437 916 paene
469 834 636 897 coniunctis
667 832 763 896 laudis
797 833 963 916 insignibus
994 833 1119 916 vestigia

100 953 198 1010 vestra
222 949 389 1011 comitatam.
432 947 543 1012 Eadem
567 949 650 1012 etin
673 948 730 1011 illis
751 947 908 1012 sinceritas
931 946 1041 1027 cordis,
1064 965 1120 1010 aa·

77 1058 167 1122 odem
198 1059 270 1122 fidei
293 1062 406 1124 tenacis
419 1057 447 1138 ⁶)
469 1062 634 1145 integritas.
679 1060 869 1124 lnconcussis
891 1067 1141 1144 praeceptorumt

101 1173 273 1238 caelestium
290 1169 317 1253 ²)
345 1175 495 1240 radicibus
515 1174 520 1260 Ι
540 1177 630 1240 nixos
655 1182 686 1239 et
708 1174 893 1258 evangelicis
915 1173 1120 1240 traditionibus
1133 1188 1174 1235 rea

100 1288 260 1351 roboratos
283 1304 345 1349 non
366 1288 552 1369 praescripta
576 1287 692 1366 exsilia,
715 1305 776 1351 non
800 1285 946 1351 destinata
965 1292 1122 1364 tormenta,

101 1418 158 1463 non
181 1402 228 1464 rei
252 1398 402 1462 familiaris
425 1399 549 1477 ablatio,
580 1417 642 1462 non
675 1400 812 1481 corporis
833 1400 977 1482 supplicia
1000 1407 1122 1464 terrue-

101 1520 174 1576 mnt.
220 1512 435 1596 Explorandae
451 1508 478 1590 8)
503 1513 571 1576 iidei
594 1512 848 1595 praefiniebantur
870 1513 944 1577 dies.
990 1514 1050 1580 Sed
1072 1513 1122 1596 qui
1148 1532 1153 1544 ·

102 1685 243 1752 Pumilus,
268 1685 372 1738 Latinus
389 1684 500 1738 Latmius
526 1695 552 1738 at
570 1685 690 1738 baluzius
714 1688 806 1738 merito
829 1685 977 1740 refutarunt.
1021 1687 1051 1755 5)
1069 1696 1123 1743 tota

102 1789 144 1840 pro
169 1784 258 1829 cetera
282 1773 371 1838 (iram
396 1778 629 1830 circumstantium
656 1773 732 1827 codd.
760 1773 892 1842 segmen,
920 1773 1122 1842 Gratianopolis,

102 1863 227 1914 recentior
241 1861 395 1928 Victorinus,
414 1870 532 1933 quattuor
549 1863 615 1928 ital,
634 1865 661 1915 in
679 1861 769 1933 quibus
787 1877 853 1914 unus
865 1862 920 1916 Vst.
939 1862 981 1914 illd
1001 1870 1027 1914 et
1045 1869 1121 1932 quat-

103 1957 155 2002 tuor
172 1949 260 2017 Angl.;
294 1953 525 2004 circumstantium
550 1960 639 2004 cetera
666 1949 723 2002 edd.
746 1957 825 2014 vett,
852 1950 914 2001 item
938 1949 1027 2002 Remb.
1046 1958 1123 2020 atqua

103 2035 211 2100 Erasm3
230 2039 395 2091 adstantium
413 2036 470 2088 cod.
483 2035 659 2089 Lamcoianus.
690 2037 751 2089 Tum
767 2023 916 2107 prospicitis
928 2037 960 2103 A,
977 2041 1127 2109 proximae

104 2137 234 2190 operarum
266 2137 353 2175 errore
381 2123 423 2176 ed.
450 2123 544 2176 blsuut.
592 2123 659 2176 Dein
687 2129 793 2178 cunctis
819 2127 945 2179 laudibus
970 2128 1123 2196 iniquibus

103 2207 156 2274 lid,
175 2212 312 2266 modicia
330 2219 467 2277 contextu,
491 2213 517 2263 in
534 2227 585 2280 mg.
604 2215 728 2266 laudibus
746 2211 793 2280 (ab
811 2211 843 2264 el.
862 2213 908 2278 nr.)
927 2212 975 2278 W,
998 2215 1124 2268 laudibus

103 2305 125 2348 et
139 2299 296 2367 insiqaitus
313 2295 368 2364 illa,
392 2309 417 2352 at
437 2301 590 2369 iussionibus
609 2299 685 2349 etiam
703 2299 733 2351 Α.
769 2295 799 2349 ln
816 2296 858 2350 lllb
876 2307 935 2352 autc
953 2302 1068 2370 euticio
1084 2301 1123 2351 i'r-

104 2455 179 2521 repsit
196 2459 232 2510 ei.
270 2451 340 2524 idem
357 2469 397 2522 pr.
414 2453 528 2506 babebat
552 2456 720 2508 comitantur.
752 2383 918 2524 gam:
943 2455 998 2524 (vel
1021 2459 1123 2514 renatis

104 2558 118 2592 a
142 2559 160 2596 r.
185 2560 219 2598 m.
244 2545 386 2610 superscr.)
415 2542 464 2595 bid.
511 2542 540 2610 t)
567 2545 723 2598 caelestium
747 2551 948 2614 praeceptorum
971 2543 1017 2596 Bb.
1062 2543 1124 2596 Tura

104 2648 184 2688 uscos
203 2632 274 2684 idem
292 2629 367 2697 liber,
386 2635 460 2686 civis
478 2631 508 2684 Α.
540 2629 607 2686 Part.
627 2641 651 2686 st
670 2630 779 2684 omllc.
809 2629 869 2683 blox
889 2631 1015 2686 exitiali.
1044 2628 1124 2683 Paulo

104 2727 158 2785 post
180 2720 205 2770 io
233 2718 328 2770 eodem
355 2717 421 2770 libro
445 2717 540 2788 legitur
565 2721 607 2773 rei
631 2720 693 2785 (om.
718 2735 743 2772 v.
765 2721 926 2789 familiaria)
952 2729 977 2773 et
1000 2722 1125 2790 carpasia

105 2811 245 2877 supplicia,
265 2808 291 2857 in
302 2805 344 2859 W.
358 2806 442 2859 liebri.
456 2806 493 2858 Bb
505 2811 546 2862 rai
562 2810 648 2876 famil.
668 2815 692 2860 et
710 2812 832 2877 caeparia
850 2810 993 2879 supplicia,
1011 2807 1124 2875 itemquo

107 2893 129 2944 in
146 2896 256 2963 antiquis
275 2893 344 2959 edu,
364 2903 471 2962 excepta
490 2903 576 2946 tamen
596 2893 730 2959 cavente,
750 2893 792 2946 ubi
810 2902 893 2948 exstat
909 2911 962 2948 ocu
979 2897 1021 2948 rei
1040 2897 1126 2963 sumit.

105 2981 211 3050 dampna
228 2998 283 3034 mou
302 2985 427 3052 corporis
444 2984 599 3051 supplicia5
618 2983 643 3032 in
662 2979 699 3032 Be
717 2983 759 3035 rei
778 2984 863 3050 [amit.
881 2985 968 3052 suppl.
1004 2979 1125 3032 Erasmus
1181 2969 1185 2976 ’

106 3083 134 3120 ex
152 3068 192 3123 ed.
211 3069 335 3122 Davcotr.
354 3070 461 3122 adscivit
478 3073 520 3123 rei
539 3072 688 3137 familiaris
713 3071 824 3136 damma,
850 3067 929 3137 idque
952 3068 1126 3136 probaverunt
1180 3097 1184 3104 ·

106 3153 212 3208 editores
230 3159 389 3226 posteriores
407 3172 507 3210 omnes.
538 3157 611 3222 „ch
628 3158 752 3220 damoa“‚
772 3159 808 3208 ait
825 3159 969 3221 Betucius,
989 3156 1080 3222 „deest
1099 3156 1125 3206 in

107 3245 209 3311 {antiquis¹
227 3243 383 3296 editionibus
402 3251 429 3296 ct
446 3245 471 3296 iu
490 3243 615 3296 tredecim
633 3243 705 3296 libris
721 3243 857 3296 veteribus.
888 3241 1008 3294 Erasmus
1021 3241 1124 3295 adiecit.

106 3325 158 3380 lloo
175 3332 260 3400 reperi
281 3338 367 3382 autem
385 3329 469 3395 illem,
487 3332 580 3383 niolio
600 3333 712 3400 quinque
731 3330 871 3383 codicibus.
908 3329 1011 3381 Retinui
1029 3337 1124 3394 tamem

107 3417 161 3482 qaia
183 3417 287 3470 videtur
310 3407 481 3471 necessaria.“
520 3419 559 3471 Ex
582 3417 678 3472 Italicis
703 3419 780 3471 codd.
807 3417 868 3469 nibil
892 3423 1029 3468 enotetum.
1073 3413 1124 3467 Sed

106 3518 187 3556 ueram
204 3506 342 3558 lectionem
361 3521 419 3558 ease
438 3516 500 3573 puto
519 3509 625 3580 altatio,
646 3507 716 3576 quod
735 3505 840 3558 exbibet
858 3505 915 3559 cod.
935 3504 982 3556 llo.
1014 3502 1125 3570 Sumpsit

107 3598 190 3642 auctor
206 3601 295 3644 noster
314 3591 364 3643 hcc
382 3593 548 3658 vocabulum,
574 3603 600 3645 ut
625 3596 731 3662 opinor,
756 3610 789 3645 en
810 3595 985 3656 Tertulliani,
1011 3590 1125 3656 mugitui

107 3678 151 3742 mi,
169 3677 195 3731 t.
214 3679 256 3732 iv.
275 3697 296 3733 c.
316 3680 358 3732 19.
379 3681 502 3734 adversus
521 3681 654 3747 Marcione
669 3682 713 3734 ubi
732 3681 797 3734 hacc
815 3688 887 3734 sunt:
911 3684 1021 3748 Quoque
1039 3685 1125 3731 tamea

109 3768 207 3818 nomine
226 3771 403 3821 comminatur
420 3771 584 3822 ablationem.
620 3767 720 3820 Eodem
738 3783 798 3819 usus
816 3775 855 3820 est
873 3770 1055 3836 Hieronymus
1073 3762 1124 3815 ad·

110 3863 194 3904 uersas
211 3851 333 3906 lovinion.
351 3853 378 3906 b.
396 3852 427 3906 lt
447 3870 469 3906 c.
490 3855 531 3906 11.
550 3857 604 3908 init
641 3854 715 3908 Unde
733 3855 802 3906 illam
820 3853 957 3906 lectionem
978 3854 1004 3904 ia
1029 3859 1125 3906 textum

110 3938 220 4006 tempere
237 3956 291 3992 non
315 3941 436 4000 dubitavi.
471 3941 560 3994 Statim
586 3942 653 3995 idem
680 3943 746 3996 liber
770 3942 811 3994 bic
834 3941 923 3994 scribit
945 3950 970 3994 et
991 3953 1039 4007 pro
1063 3955 1124 3992 mou.

111 4021 137 4088 8)
154 4023 191 4080 lts
207 4027 336 4084 sexdecim
353 4038 416 4084 vett.
429 4030 584 4102 exemplaria
601 4029 733 4088 sllalusic
751 4045 866 4096 excussa,
883 4030 918 4086 ita
936 4029 1013 4083 etiam
1024 4033 1125 4090 aarum
