2872 4806
606 473 688 540 21·

117 634 213 717 plere.
257 633 339 696 llaec
368 638 414 696 est
443 633 472 695 in
504 633 631 696 ecclesia
659 629 814 696 noscenda
844 634 1030 716 simplicitas,
1060 634 1136 699 haec

117 749 227 810 caritas
265 745 441 827 obtinenda,
475 751 507 809 ut
529 741 556 824 ⁶)
596 747 748 810 columbas
788 747 906 811 dilectio
944 747 1136 812 fraternitatis

115 864 263 940 imitetur,
296 866 328 923 ut
358 860 552 924 mansuetudo
584 868 614 923 et
643 861 748 924 lenitas
779 863 864 944 agnis
895 869 925 925 et
948 865 1055 927 ovibus
1078 883 1135 926 ae-

117 983 235 1058 quetur.
282 974 357 1055 Quid
379 974 449 1037 lacit
471 975 500 1038 in
522 981 646 1059 pectore
670 975 837 1040 Christiano
859 977 998 1059 luporum
1023 976 1136 1058 feritas,

93 1098 270 1154 salcanum
285 1089 394 1168 rabies,
417 1095 446 1152 et
460 1107 609 1152 venenum
624 1089 713 1153 letale
728 1095 898 1171 serpentum
911 1084 941 1174 7)
966 1097 997 1153 et
1012 1097 1136 1154 cruenta

120 1203 241 1266 saevitia
255 1202 446 1266 bestiarum?
480 1201 690 1266 Gratulandum
699 1197 732 1287 Β)
749 1210 804 1283 est,
829 1223 894 1266 oum
918 1205 992 1268 tales
1017 1204 1055 1266 de
1079 1223 1135 1267 ec-

117 1315 209 1378 clesia
239 1320 432 1396 separantur,
461 1331 500 1376 ne
530 1312 699 1392 columbas,
729 1331 769 1375 ne
801 1331 875 1377 oves
907 1313 1013 1378 Christi
1044 1334 1136 1379 saeva

116 1445 172 1492 sua
188 1423 221 1512 ⁹)
244 1434 274 1492 et
295 1433 440 1492 venenata
463 1429 645 1510 contagione
671 1425 860 1510 praedentur.
905 1429 1077 1492 Cohaerere
1097 1425 1135 1508 ¹⁰)

116 1550 148 1606 et
171 1541 312 1625 coniungi
334 1558 395 1603 non
418 1546 517 1622 potest
543 1541 706 1604 amaritudo
740 1559 806 1603 oum
834 1539 1005 1620 dulcedine,
1038 1543 1135 1624 caligo

77 1677 104 1720 ao
117 1673 186 1718 oum
201 1653 321 1732 lumine,
343 1653 443 1733 pluvia
466 1671 532 1714 cum
555 1653 727 1732 serenitate,
749 1671 850 1736 pugna
873 1671 938 1716 oum
960 1672 1045 1736 pace,
1069 1673 1136 1718 cum

116 1766 300 1860 fecunditate
334 1767 490 1847 sterilitas,
523 1784 589 1828 oum
624 1766 754 1830 lontibus
784 1768 918 1847 siccitas,
954 1787 1020 1831 oum
1050 1775 1136 1831 tran-

116 1882 262 1964 quillitate
290 1888 458 1964 tempestas.
502 1881 598 1946 Nemo
630 1883 778 1946 existimet
808 1883 905 1947 bonos
939 1883 977 1945 de
1008 1883 1136 1946 ecclesia

115 2013 211 2080 posse
233 1995 389 2059 discedere
402 1995 449 2075 ¹¹).
496 1996 635 2060 Triticum
665 2016 726 2061 non
749 2000 825 2079 rapit
847 2003 971 2077 ventus,
1002 2015 1060 2059 nec
1083 2017 1136 2060 ar-

115 2113 224 2176 borem
235 2107 272 2188 ι1)
297 2109 391 2174 solida
414 2109 514 2174 radice
531 2110 678 2174 fundatam
693 2112 826 2193 procella
842 2111 995 2174 subvertit.
1029 2111 1136 2174 lnanes

76 2243 103 2287 an
117 2221 270 2309 paleae¹³)
294 2231 468 2306 tempestate
490 2225 651 2305 iactantur,
682 2225 830 2288 invalidae
846 2226 978 2292 ¹arbores
1012 2226 1136 2288 turbinis

92 2316 95 2322 ¹
115 2339 291 2402 incursione
319 2322 483 2400 vertunt'ur.
528 2336 590 2399 llos
621 2343 797 2398 exsecratur
813 2331 854 2413 ι1)
885 2344 915 2400 et
936 2340 1064 2420 percutit
1084 2338 1137 2401 lo-

1 2451 2 2454 ’
117 2470 212 2516 annes
234 2451 388 2533 apostolus
411 2452 533 2534 dicens:
562 2453 614 2514 Ec
636 2451 726 2515 nobis
741 2449 778 2530 ¹⁵)
800 2455 960 2532 coierunt,
991 2455 1047 2517 scd
1075 2473 1137 2517 non

114 2571 243 2652 suerunt
258 2587 298 2632 ecc
312 2567 419 2645 nobie
440 2569 469 2632 ss'
484 2568 564 2630 enim
576 2569 710 2649 sumserat
725 2557 765 2630 eo
779 2568 879 2646 noba,
902 2570 1088 2632 mansissent
1099 2565 1136 2646 16)

115 2682 283 2746 nobiscnm.

115 2871 325 2882 ..-.----

188 2981 218 3046 6)
231 2989 255 3034 st
266 2975 314 3030 Bb.
340 2977 407 3030 Deio
420 2980 541 3032 columba
552 2981 602 3046 A„
619 2978 649 3043 7)
660 2982 824 3048 serpentium
836 2978 880 3032 Ba.
893 2979 944 3033 lld.
957 2982 987 3034 Α.
1023 2981 1053 3048 8)
1069 2985 1136 3036 Gri-

114 3070 291 3124 tulctuadnm
309 3065 372 3134 (alc)
390 3065 421 3117 Α.
456 3064 527 3118 ldem
552 3069 675 3136 quonium
693 3083 740 3135 pro
764 3062 833 3134 eum,
852 3077 880 3120 ut
899 3069 1000 3136 passim.
1038 3069 1066 3135 9)
1085 3087 1137 3123 sna
1241 3089 1246 3100 ¹

116 3172 169 3208 om.
188 3153 230 3206 lllb
250 3160 276 3205 et
293 3151 341 3206 Bb.
380 3152 425 3220 10)
445 3153 651 3208 comprensa.
690 3154 736 3224 11)
755 3159 857 3210 discere
875 3155 979 3225 pr.'Bb.
1022 3157 1066 3224 12)
1085 3177 1136 3210 ar-

76 3263 79 3272 ·
116 3249 180 3298 tore
197 3239 242 3293 aa.
290 3241 335 3308 13)
353 3245 434 3295 lncne
453 3256 484 3294 ae
501 3239 587 3292 mutile
606 3238 653 3293 Bb.
690 3239 751 3293 Tum
769 3252 845 3296 sotto
864 3252 888 3295 et
906 3253 1053 3313 tempestate
1071 3262 1135 3298 oer-

115 3340 215 3387 ecntur
241 3327 288 3380 llo.
328 3328 456 3396 Deinceps
483 3339 507 3382 et
531 3331 664 3383 invalidae
687 3328 747 3381 Ver.
772 3327 819 3381 Bb.
844 3329 874 3380 Α.
910 3328 959 3381 Pro
984 3341 1138 3386 wmmntnr

115 3426 252 3486 receptum
275 3425 415 3472 emtuntur
440 3432 455 3468 e
481 3415 555 3468 codd.
582 3416 622 3468 W.
648 3415 728 3470 llabc.
754 3413 816 3482 Bab.
842 3417 877 3469 Α..
898 3416 955 3470 Vid.
982 3418 1014 3470 ad
1037 3415 1099 3486 Cap.
1117 3418 1136 3470 l.

116 3523 142 3558 n.
162 3504 204 3557 26.
248 3503 294 3573 14)
317 3513 458 3558 execrator
479 3514 503 3557 et
525 3507 635 3574 pertulit
657 3504 688 3569 A,
712 3514 737 3558 et
759 3509 874 3574 percutit
895 3521 945 3557 om.
964 3505 1013 3556 llb.
1050 3505 1137 3557 Statim

115 3596 245 3650 totunm
278 3591 330 3658 Ba,
363 3594 501 3661 apostolus
536 3559 667 3646 lodonasea
696 3589 746 3644 tlh.
769 3613 773 3620 ·
793 3591 848 3644 Vid.
877 3591 901 3645 1.
920 3591 1008 3644 loann.
1033 3593 1065 3658 2,
1096 3593 1136 3645 19.

118 3680 166 3749 15)
183 3683 261 3734 oolla
280 3687 306 3730 et
324 3678 365 3731 laic
383 3687 409 3732 et
431 3681 455 3730 in
481 3695 552 3748 seqq.
571 3679 601 3732 Α.
639 3679 684 3746 16)
703 3683 868 3735 mansissent
891 3684 980 3749 utiquc
999 3678 1052 3746 Ba,
1076 3683 1137 3735 item

117 3767 194 3822 Grav.
213 3759 306 3818 Pamel.
325 3765 380 3835 Rig.
401 3765 481 3819 Oxou.
502 3766 588 3818 Baluz.
609 3765 713 3832 Goldh.,
738 3770 878 3822 noliacum
901 3772 991 3837 utique
1013 3767 1144 3824 monste-'

117 3865 179 3910 cent
198 3853 248 3907 llb.
280 3853 331 3906 Sed
349 3859 447 3924 utiquc,
466 3853 534 3922 quod
553 3854 742 3923 interpolatoris
761 3872 860 3906 manum
878 3858 944 3923 sepit
962 3855 1051 3919 (habet
1070 3851 1137 3908 enim

118 3939 232 3994 Graecus
251 3949 336 3994 textus
353 3941 524 4008 nanceianum
542 3939 572 3996 dr
590 3937 648 4005 μεθ’
665 3939 744 4009 ἡμῶν)
764 3951 834 3996 recte
853 3959 902 3996 orn.
915 3943 990 3997 codd.
1003 3944 1042 3994 W.
1055 3943 1137 3996 llacd.

118 4027 165 4082 Bb.
184 4027 216 4094 lt,
237 4027 385 4100 quibuscum
404 4027 499 4080 tactum
517 4028 574 4083 edd.
594 4036 655 4080 vett.
675 4044 696 4081 c.
716 4027 813 4083 Erasm.
832 4029 925 4082 llanut.
943 4037 1019 4100 atque
1039 4028 1136 4082 Morell.
