2874 4806
582 428 644 496 143

110 583 187 648 filias
211 582 281 649 Sion
305 593 380 648 auro
410 591 441 648 et
469 590 555 648 veste
585 591 740 668 corruptas
769 587 904 671 increpat
932 596 962 653 et
990 591 1128 676 obiurgat

107 698 288 780 perniciosis
311 699 418 780 opibus
442 697 600 764 aiiluentes
625 709 655 763 et
678 720 695 764 a
718 701 776 766 deo
798 722 855 784 per
877 706 989 770 saeculi
1007 705 1127 770 delicias

105 810 294 878 recedentes.
339 812 511 877 Enattatae
534 814 617 892 sarit,
642 817 682 879 ait
695 814 731 898 ³),
754 817 840 898 tiliae
862 819 941 884 Sion
965 830 996 883 et
1017 822 1125 884 ambu-

104 929 252 990 laverunt
280 929 344 990 alto
375 928 454 992 collo
483 937 513 991 et
534 937 611 992 autu
634 933 792 994 oculorum
815 941 845 996 et
867 935 994 998 incessu
1013 936 1127 1016 pedum

78 1042 263 1104 strabemes
293 1043 416 1106 malcas
445 1043 627 1122 etpedibus
649 1046 743 1110 simul
763 1048 911 1112 ludentes.
957 1051 998 1114 Et
1020 1051 1124 1132 bumi-
1194 1041 1197 1048 ’

103 1157 198 1220 tiabit
208 1153 236 1232 ⁴)
259 1157 336 1221 deus
355 1158 549 1237 principales
570 1159 655 1238 filias
670 1159 748 1224 Sica
763 1172 794 1225 ct
809 1164 961 1228 revelabit
981 1165 1126 1231 demtum

101 1271 243 1336 bobilam
264 1291 387 1349 earm,
414 1271 589 1350 clauserat
611 1274 755 1340 dominus
776 1275 909 1357 pieriam
929 1280 1027 1342 vestis
1049 1280 1123 1344 illu-

102 1441 311 1465 .-...-.---'-...

243 1545 249 1554 ’
273 1551 316 1603 nel
333 1551 439 1604 delitiae

100 1635 166 1674 anus
184 1618 275 1690 naga,
328 1621 439 1674 dioitim
457 1619 493 1686 B,
518 1623 629 1677 diuitiae
653 1620 766 1690 (duobus
791 1625 892 1691 punctis
916 1640 991 1692 snpra
1014 1627 1118 1694 positis)

98 1708 149 1764 bie.
186 1709 213 1774 3)
231 1712 268 1762 ait
285 1724 335 1762 orn.
354 1708 402 1760 tib.
433 1708 488 1761 Vid.
507 1707 591 1761 Hessi.
605 1708 630 1774 3,
651 1709 690 1762 16,
704 1727 774 1780 seqq.
804 1709 870 1764 Dein
888 1730 955 1783 spon
976 1712 1004 1768 B.
1018 1715 1120 1770 arcad
1192 1775 1199 1794 ‚

101 1808 127 1851 et
145 1797 187 1851 ed.
205 1797 335 1862 Decepta,
354 1798 467 1865 itemque
485 1795 556 1849 inira.
586 1795 635 1849 Pro
654 1800 854 1852 ambulaverunt
872 1803 923 1854 alto
945 1805 1013 1856 colla
1030 1801 1120 1855 Bene-

100 1893 170 1940 vent.
194 1889 364 1940 incesserunt
387 1887 441 1938 atta
465 1889 582 1954 cweiea,
611 1883 693 1954 Nesp.
714 1898 909 1956 processeram
931 1893 985 1944 alta
1010 1896 1119 1946 cerciac.

100 1973 164 2026 Tuas
184 1977 289 2028 incestu
306 1971 329 2024 A
347 1981 373 2025 et
389 1988 428 2040 pr.
439 1970 480 2028 W.
516 1971 574 2026 blox
591 1977 675 2029 simut
692 1978 825 2029 trabentes
842 1972 982 2030 benevent.
1002 1987 1028 2030 et
1039 1979 1119 2047 Neap.

5 2117 8 2126 A
99 2061 129 2125 t)
154 2062 304 2114 humiliavit
327 2058 366 2110 W.
393 2058 474 2111 biabc.
521 2058 587 2111 Dein
615 2065 739 2114 dominus
764 2060 822 2113 libri
849 2071 908 2115 ante
935 2061 1028 2120 Manat.
1053 2068 1119 2134 typis

100 2148 221 2215 exscripti
244 2155 271 2198 et
294 2145 392 2198 Moreil.
435 2145 513 2199 Paulo
538 2156 595 2214 post
618 2152 747 2204 revetavit
764 2148 804 2199 W.
830 2147 895 2202 mab.
942 2150 1002 2203 Tum
1027 2171 1120 2209 earum

98 2239 218 2290 habitum
236 2235 284 2286 bid.
303 2234 341 2300 A,
366 2237 483 2289 tabitam
507 2252 600 2288 ear-um
622 2239 651 2289 in
677 2239 725 2289 illa
750 2239 791 2290 die
809 2236 858 2289 Mb.
896 2237 982 2290 Statim
1001 2244 1119 2307 auferret

98 2322 149 2388 bia,
168 2327 255 2392 aufert
273 2323 303 2376 A.
333 2321 383 2374 Pro
399 2327 511 2377 illarum
529 2322 551 2374 Α
570 2340 670 2392 aarum,
691 2325 750 2376 dein
769 2340 816 2393 pro
836 2343 928 2379 earum
940 2324 980 2377 bis
999 2329 1118 2380 illarum.

98 2411 158 2482 Seq.
178 2423 202 2466 et
219 2428 268 2464 om.
287 2411 337 2465 tib.
374 2411 431 2463 Mox
450 2416 544 2466 aictioe
563 2422 588 2466 ct
610 2415 721 2466 turtulae
738 2413 799 2481 (sic)
818 2413 855 2480 Α,
877 2418 987 2469 lunares
1005 2429 1051 2481 pro
1069 2417 1117 2470 lu-

97 2504 179 2554 nulas
192 2497 240 2552 bia.
270 2499 320 2553 Pro
338 2499 436 2567 vulgari
454 2499 567 2551 lectione
595 2502 790 2553 discriminalia
809 2497 999 2553 Gronovius
1018 2501 1116 2554 Obser-

97 2599 159 2643 vntt.
177 2607 203 2658 p.
223 2587 282 2641 321.
302 2589 413 2639 conexit
437 2591 595 2655 discrimen,
623 2587 740 2656 hancque
767 2591 918 2656 scripturam
942 2597 1042 2652 tuentur
1067 2605 1117 2642 una

97 2694 154 2728 cnm
183 2677 238 2728 eod.
264 2677 323 2729 Ver.
349 2678 427 2728 nostri
449 2675 507 2728 libri
527 2691 622 2729 omnes.
671 2675 710 2728 Ad
729 2691 786 2728 roe.
809 2680 1019 2747 discriminalia,
1048 2680 1117 2730 caius

96 2766 155 2818 loco
179 2765 319 2818 Benevent.
345 2773 370 2816 et
391 2763 472 2831 Neap.
491 2763 587 2815 habent
610 2767 789 2829 redimicula,
819 2765 878 2817 edd.
897 2773 960 2819 vett.
981 2775 1007 2818 et
1026 2765 1115 2820 Rernb.

95 2853 193 2905 Essem.
211 2860 287 2922 atque
300 2851 397 2904 Morell.
417 2853 512 2904 addunt
530 2861 555 2906 et
574 2855 717 2905 dextralia.
753 2850 816 2904 Turn
838 2843 1004 2909 batrmratum
1021 2871 1116 2923 opera-

95 2959 151 2993 rum
178 2941 241 2993 vitio
267 2940 325 2992 edd.
355 2941 445 2993 Venet.
472 2942 495 2991 1.
520 2941 545 2993 2.
575 2939 656 2992 Kana.
684 2939 788 3005 bamb„
822 2944 997 2995 botriormtum
1030 2942 1118 2994 scribit

94 3028 125 3094 B,
145 3032 312 3082 botronatum
329 3027 385 3093 bib,
405 3031 574 3094 boccacium,
592 3027 686 3079 deinde
704 3031 854 3081 doctoralia
872 3028 903 3081 A.
941 3029 1021 3096 Supra
1040 3033 1112 3084 deos-

94 3119 177 3170 tralia
194 3113 234 3166 bic
252 3131 267 3166 a
286 3131 305 3166 r.
324 3130 357 3166 m.
377 3115 455 3166 babet
473 3130 544 3167 voce.
562 3117 671 3184 specula
689 3123 727 3180 et,
749 3121 775 3164 ut
794 3122 853 3166 ante
872 3115 939 3166 illam
958 3132 1049 3169 vocem
1069 3119 1112 3169 in-

94 3202 210 3254 serenda.
240 3201 288 3254 Pro
302 3210 328 3254 et
340 3205 471 3256 dextralia
485 3199 532 3270 (ita
546 3203 622 3254 etiam
631 3201 689 3254 Ver.
705 3209 730 3253 et
740 3201 834 3269 Neap.)
849 3201 994 3257 Manutiana
1006 3205 1114 3273 praebet

95 3301 120 3346 et
137 3294 259 3361 specula,
284 3298 312 3341 nt
334 3288 429 3358 legitur
452 3292 477 3342 in
499 3291 656 3355 addocti,
681 3290 741 3340 item
765 3291 790 3340 in
809 3290 899 3343 Remb.
918 3289 1017 3344 Erasm.
1038 3291 1113 3344 Grar.

94 3377 193 3430 biorell.
224 3377 310 3430 Statim
329 3371 561 3432 atascianica.
580 3373 851 3452 superioripsitinW.
881 3375 998 3431 Ceteram
1017 3383 1113 3434 anulos
1176 3367 1180 3373 ⁴

25 3489 27 3496 ·
95 3465 157 3516 dant
176 3463 347 3528 etiamtiam,
367 3463 563 3529 annumerati,
582 3463 697 3516 ut'editi.
730 3463 770 3514 De
789 3472 895 3533 utraque
914 3468 1037 3533 scriptura
1058 3465 1112 3517 vid.

96 3550 124 3606 C.
144 3551 170 3604 L.
196 3550 412 3603 Schneider.
431 3552 456 3602 in
481 3548 562 3616 libro,
592 3551 631 3603 cai
656 3551 742 3604 titulus
768 3560 822 3604 est:
848 3551 975 3607 Ausidhrl.
994 3553 1109 3605 verbess.
1192 3604 1193 3610 ,

95 3638 229 3692 Grammat.
248 3637 272 3690 d.
296 3637 339 3690 iat.
365 3638 406 3706 Sp.
425 3637 451 3691 L.
472 3638 495 3690 1.
514 3637 541 3690 T.
561 3637 592 3690 11.
610 3657 635 3708 p.
654 3639 713 3691 422.
757 3639 815 3709 Seq.
841 3649 864 3693 et
889 3655 939 3692 arn.
957 3639 988 3691 A.
1034 3638 1112 3692 Paulo

94 3734 153 3795 post
171 3729 301 3779 biacirreto
319 3723 361 3790 A,
384 3728 496 3778 iacincto
516 3723 536 3793 i}
556 3732 581 3776 et
600 3721 641 3777 bid
661 3743 683 3779 c.
703 3725 745 3778 ed.
763 3725 899 3790 Deventia,
922 3727 1052 3780 iacirrotbb
1070 3723 1112 3792 W,

94 3817 211 3868 iaciutbo
230 3812 302 3879 bibo,
325 3815 449 3882 pacintba
467 3811 515 3864 ita.
551 3812 637 3865 Verba
662 3824 686 3868 et
710 3819 791 3884 bysso
817 3820 926 3869 terraer
948 3832 1025 3867 rocco
1042 3823 1111 3879 aeto,

94 3915 161 3970 qnae
178 3908 237 3967 post
262 3904 401 3972 bpacirrtbo
429 3899 524 3951 adie'oit
550 3900 633 3952 editor
651 3899 826 3967 dianatianae,
853 3917 937 3970 neque
964 3901 990 3952 in
1017 3901 1110 3954 nostris

94 3985 170 4042 codd.
188 3988 356 4056 reperiantur,
375 4003 460 4057 neque
477 3987 503 4039 in
523 3995 641 4056 quattuor
660 3986 716 4041 Vat.
