2872 4806
631 439 675 508 ts

141 601 177 665 Si
199 602 265 682 ais,
298 597 446 684 inquit⁸),
473 602 630 684 perfectus
653 621 736 679 esse,
764 595 904 682 aende⁹)
926 602 1029 664 omnia
1052 610 1106 665 tua
1127 607 1157 666 st

140 717 185 778 du
203 715 410 798 pauperibus,
433 724 463 779 et
483 714 609 778 habebis
633 715 809 778 thesaurum
830 716 864 778 iu
886 713 997 792 caelis;
1023 723 1053 778 et
1072 715 1154 794 usui,

139 849 267 912 sequere
288 851 345 893 ms.
391 829 421 894 Si
444 831 503 894 hoc
525 829 631 896 divites
655 831 800 910 iacerent,
822 849 878 914 per
903 831 1020 894 divitias
1036 825 1072 908 ιο)
1094 848 1155 893 non

139 945 291 1028 perirent,
320 945 491 1010 thesaurum
521 949 550 1010 in
575 947 659 1011 caelo
682 954 866 1030 reponentes
888 946 1003 1010 hostem
1026 963 1105 1008 nunc
1128 949 1158 1006 et

113 1066 378 1142 sexpugnatorem
412 1061 607 1125 domesticum
638 1080 701 1125 non
732 1061 885 1125 haberent.
944 1061 1032 1124 Esset
1052 1059 1092 1138 ¹¹)
1126 1059 1156 1122 in

138 1171 226 1233 caelo
249 1188 302 1233 cor
326 1179 356 1234 et
379 1174 492 1236 animus
517 1180 546 1235 et
562 1149 731 1253 sensus,³si
746 1173 903 1236 thesaurus
920 1179 1000 1236 esset
1015 1174 1044 1235 in
1060 1172 1156 1253 caelo,

137 1302 197 1347 nec
221 1285 299 1348 vinci
322 1301 339 1346 a
363 1284 483 1348 sacculo
506 1293 610 1366 posset
633 1287 682 1367 qui
705 1284 785 1347 unde
800 1286 974 1348 vinceretur
988 1286 1018 1347 in
1033 1283 1155 1347 saeculo

137 1417 200 1462 non
230 1399 364 1462 baberet.
410 1399 595 1481 Sequeretur
615 1397 655 1480 Ι1)
686 1402 836 1466 dominum
865 1402 980 1466 solutus
1013 1405 1043 1461 et
1066 1397 1155 1477 liber,

137 1518 170 1576 ut
193 1512 321 1594 apostoli
344 1519 373 1573 et
397 1515 451 1576 sub
475 1515 619 1597 apostolis
642 1515 723 1577 multi
747 1521 775 1577 et
798 1514 931 1580 nonnulli
955 1531 1045 1595 saepe
1067 1510 1155 1574 iece-

99 1645 123 1686 so
141 1623 229 1706 irunt,
253 1627 303 1708 qui
327 1633 356 1688 et
378 1627 469 1690 rebus
492 1630 554 1691 suis
579 1636 608 1692 et
630 1627 804 1709 parentibus
827 1627 980 1690 derelictis
996 1625 1154 1688 individuis
1168 1630 1208 1677 ¹⁸⁵

136 1740 254 1804 Christo
278 1740 405 1803 nexibus
429 1739 636 1803 adhaeserunt.
675 1740 766 1822 Sequi
790 1748 888 1803 autem
904 1739 1052 1802 Christum
1073 1755 1154 1820 quo-

135 1855 226 1918 modo
249 1862 376 1938 possunt
400 1857 449 1936 qui
472 1855 637 1936 patrimonii
653 1852 689 1933 13)
719 1854 838 1918 vinculo
864 1853 1058 1917 detinentur?
1095 1853 1155 1916 Aut

135 1968 286 2048 quomodo
315 1963 444 2032 caelum'
459 1977 564 2052 petunt
594 1976 624 2032 et
650 1970 687 2032 ad
710 1969 845 2032 sublimia
869 1975 898 2032 et
920 1970 979 2032 alta
1002 1985 1153 2032 conscen-

87 2119 91 2128 ·
135 2081 208 2144 dunt
231 2078 270 2160 ¹⁴)
301 2085 352 2164 qui
382 2084 510 2145 terrenis
541 2054 752 2164 cupiditatibus
777 2081 1003 2164 degravantur?
1047 2081 1153 2146 Possi-

143 2303 145 2308 '
207 2297 236 2362 8)
256 2296 343 2352 blattb.
364 2297 405 2362 19,
424 2297 467 2350 21.
509 2297 541 2362 9)
561 2301 640 2360 uude,
662 2299 744 2354 sends
761 2314 817 2349 cum
835 2295 964 2366 plerisque
982 2296 1056 2350 editis
1075 2259 1157 2350 Bolu-⁴

135 2389 198 2440 ulus.
217 2417 219 2424 ι
237 2385 288 2440 Sed
307 2389 381 2452 uada,
402 2387 469 2455 quod
489 2389 585 2456 primus
603 2389 700 2456 recepit
718 2385 847 2451 Erasmus,
865 2402 914 2438 om.
933 2385 972 2437 W.
991 2383 1073 2436 blacd.
1092 2382 1153 2434 Bab.

133 2473 163 2526 Α.
205 2477 272 2530 Vade
295 2484 319 2528 st
344 2478 426 2529 vende
450 2473 527 2526 babet
552 2475 593 2528 blb
619 2477 731 2543 itemque
756 2474 829 2526 Grau.
871 2472 942 2526 Cani.
969 2473 1001 2525 de
1026 2487 1104 2542 opere
1130 2480 1155 2524 et

1032 2579 1050 2614 n

134 2633 254 2686 eleemos.
273 2651 298 2701 p.
311 2631 370 2685 239.
390 2641 415 2684 et
435 2633 476 2686 lib.
489 2632 530 2686 lll.
550 2635 582 2686 ad
601 2633 697 2696 Quirin.
715 2651 737 2686 c.
752 2635 775 2685 1.
793 2652 818 2702 ρ.
833 2631 892 2686 303.
925 2631 983 2683 blox
1001 2637 1156 2686 thesaurum

133 2724 164 2792 (a
182 2737 197 2772 a
214 2737 236 2772 r.
255 2736 287 2772 m.
306 2723 447 2789 superscr.)
467 2721 510 2773 dat
527 2721 576 2774 lllb.
613 2721 650 2773 lta
676 2731 702 2774 et
725 2724 751 2774 in
769 2737 855 2792 seqq.;
874 2725 1045 2776 thessuurum
1064 2717 1105 2770 bic
1129 2727 1155 2770 et

132 2808 196 2862 inira
214 2807 255 2861 W.
285 2794 373 2861 St'atim
392 2813 421 2862 iu
441 2813 513 2863 caelo
532 2811 643 2863 scribunt
661 2811 743 2864 blbcd.
773 2809 891 2862 Proxime
910 2819 934 2863 et
951 2824 1060 2878 sequere
1077 2805 1155 2858 babet

133 2896 163 2948 Α.
193 2895 245 2948 Sed
259 2895 349 2964 copula
368 2896 489 2946 omittitur
507 2897 582 2948 etiam
601 2898 627 2948 in
645 2896 708 2948 libro
729 2897 761 2949 de
780 2911 821 2964 op.
835 2905 861 2948 et
880 2895 1000 2948 eleemos.
1014 2895 1030 2946 l.
1044 2911 1067 2946 o.
1080 2901 1105 2945 et
1122 2891 1154 2944 ad

133 2983 204 3048 Quin.
222 2983 238 3035 l.
260 3000 281 3035 c.
325 2981 367 3042 10)
386 3001 468 3047 suas,
489 2982 556 3051 quod
576 2991 715 3050 praeeunte
734 2983 827 3037 Gravia
847 2984 997 3036 adiecerunt
1016 2981 1153 3042 Manutius,

131 3069 274 3136 Pamelius,
292 3069 413 3140 Rigaltius
431 3080 457 3122 et
478 3072 589 3122 editores
606 3075 777 3139 posteriores,
797 3081 868 3124 recte
887 3073 960 3123 abest
978 3087 991 3121 a
1010 3069 1050 3122 W.
1072 3068 1153 3120 blacd.
1199 3079 1202 3088 .

132 3156 196 3222 Bab,
215 3167 243 3209 ut
260 3159 291 3211 ab
311 3160 384 3212 editt.
403 3162 507 3230 antiqq,
525 3161 586 3210 item
605 3159 702 3213 Brasm.
722 3169 798 3229 atque
817 3159 930 3223 blorell3
950 3175 1017 3212 siuas
1037 3160 1152 3212 divicias

132 3245 219 3296 scribit
242 3244 272 3298 h.
321 3245 392 3299 Unde
424 3249 485 3299 satis
515 3255 622 3315 apparet
650 3247 845 3300 additamentum
870 3246 935 3299 istud
962 3263 977 3297 e
1001 3245 1153 3314 glossemate

132 3329 244 3385 duxisse.
281 3333 338 3385 lllox
362 3334 522 3386 desideratur
546 3336 636 3402 partic.
656 3345 679 3388 et
697 3338 722 3386 in
741 3335 791 3386 bld.
835 3335 879 3402 11)
899 3337 1000 3390 iissent
1017 3333 1048 3386 A.
1083 3331 1154 3384 Prius

133 3429 156 3472 et
173 3419 242 3471 idern
260 3434 310 3472 om.
346 3420 407 3473 Post
425 3440 525 3476 sensus
544 3421 585 3474 blb
605 3431 631 3474 et
650 3421 686 3474 ba
712 3423 805 3475 addant
822 3440 922 3477 eorum.
960 3421 1026 3472 Dein
1053 3423 1079 3476 si
1103 3435 1152 3471 om.

132 3577 182 3631 Md.
228 3576 551 3648 testamentariis.
588 3580 675 3633 Statim
694 3514 838 3634 did'dsst
857 3579 887 3631 Α.
924 3579 974 3630 Pro
992 3581 1099 3631 subrutus
1116 3573 1153 3629 Ba

133 3672 159 3714 at
176 3662 216 3716 blo
241 3664 362 3718 exhibent
385 3684 509 3720 securus.
545 3667 606 3720 'lum
631 3680 654 3722 et
677 3684 724 3736 pro
747 3679 777 3722 ut
801 3668 894 3736 legitur
917 3669 943 3717 in
961 3665 992 3717 h.
1028 3663 1055 3714 ln
1070 3680 1151 3733 ,seqq.

133 3755 214 3806 rebus
237 3756 299 3806 suis
327 3763 351 3807 et
375 3757 530 3823 parentibus
556 3759 619 3810 suis
646 3767 670 3810 et
696 3760 851 3826 parentibus
877 3756 1010 3808 derelictis
1037 3752 1080 3803 dat
1103 3749 1151 3804 Bb.

134 3838 192 3890 hlox
218 3841 320 3894 Christi
341 3857 387 3908 pro
412 3844 520 3896 Christo
545 3844 657 3895 scribunt
676 3845 715 3897 W.
734 3843 814 3896 blabc.
834 3841 896 3894 Bab.
920 3841 951 3893 h.
994 3840 1038 3904 13)
1064 3843 1151 3910 petri-

134 3927 307 3980 muniebat
330 3945 368 3996 pr.
387 3929 436 3981 blb.
481 3929 526 3998 14)
550 3941 685 3999 petent-
705 3961 736 3970 -
758 3941 833 3984 -et
855 3935 905 3984 ulte
930 3931 1102 3982 conscendent
1119 3929 1150 3978 A.

134 4012 194 4068 Post
215 4025 307 4090 puuot
331 4018 455 4073 omittitur
475 4025 499 4073 st
516 4018 540 4072 ia
561 4017 599 4072 W.
617 4019 657 4074 tta
677 4029 703 4075 et
720 4019 765 4075 Bn.
803 4017 880 4073 Gaius
892 4017 958 4082 ,loco
977 4018 1001 4068 tn
1020 4015 1060 4070 lla
1078 4032 1098 4067 r.
1117 4029 1150 4071 m.
