2872 4806
771 387 816 452 40

273 548 461 632 panderunt
500 550 592 611 Terra
608 548 791 630 conpagibus
806 547 899 630 ruptis
910 545 943 632 ²)
965 547 995 610 in
1011 544 1194 628 profundum.
1204 543 1300 609 sinum

285 664 392 744 patuit,
423 668 535 724 stantes
558 667 646 741 atque
677 661 812 723 viventes
842 659 1014 723 recedentis¹
1035 659 1090 721 soli
1123 659 1219 722 hiatus
1243 661 1300 722 ab·

287 775 409 838 sorbuit.
453 775 516 837 Nec
544 781 652 836 tantam
684 791 755 853 ecs,
787 775 837 854 qui
871 779 1010 836 auctores
1020 769 1052 854 ³)
1084 771 1219 852 fueraut,
1252 773 1302 836 dei

286 888 467 970 indignantis
489 865 533 950 ira
556 889 720 969 percussit,
751 888 804 949 sed
829 894 859 948 et
887 893 1008 949 ceteros
1042 885 1186 949 ducentos
1209 888 1301 968 quin-

261 1002 429 1084 ,quaginta
452 1002 611 1082 participes
635 1001 768 1064 eiusdam
792 1000 903 1063 furoris
927 1007 957 1061 et
980 1001 1122 1078 comites,
1153 1001 1203 1081 qui
1226 1019 1302 1063 coa-

286 1116 379 1198 gulati
402 1135 468 1178 cum
491 1111 623 1193 isdem⁴)
648 1116 735 1178 simul
757 1114 794 1176 ad
817 1114 968 1177 audaciam
993 1113 1127 1193 buerant,
1157 1115 1261 1178 exiens
1285 1133 1302 1176 a

286 1229 405 1292 domino
438 1229 516 1312 ignis
553 1236 713 1310 properata
751 1229 862 1292 ultione
903 1229 1100 1309 consumpsit,
1136 1226 1301 1292 admonens

287 1343 399 1405 scilicet
422 1350 451 1404 et
482 1342 642 1406 ostendens
666 1347 769 1404 contra
799 1340 886 1404 deum
917 1341 981 1403 iieri
1012 1340 1152 1422 quicquid
1184 1343 1302 1425 inprobi

285 1455 396 1519 fuerint
418 1457 455 1518 ad
478 1456 687 1520 destruendam
715 1456 932 1519 ordinationem
954 1454 1004 1517 dei
1031 1456 1158 1518 bumana
1190 1456 1302 1520 volun-

249 1576 347 1640 rotate
371 1571 477 1632 conati.
523 1571 571 1636 Sic
594 1576 622 1633 et
646 1569 734 1632 Ozias
745 1567 771 1648 ⁵)
793 1589 850 1633 rex
873 1589 938 1632 cum
969 1569 1128 1632 turibulum
1149 1567 1250 1632 ferens
1274 1577 1303 1634 et

278 1691 393 1746 contra
415 1684 513 1768 legem
536 1682 583 1744 dei
607 1681 782 1774 sacrificium
813 1683 868 1744 sibi
891 1671 1039 1744 violenter
1062 1680 1225 1754 adsumens
1247 1701 1302 1746 ra-

359 1865 387 1930 2)
407 1865 605 1934 compaginibus
625 1863 683 1914 cdd.
702 1869 763 1915 vett.
783 1878 805 1913 c.
825 1861 913 1912 Rcmb.
945 1861 1006 1914 Tum
1025 1867 1145 1934 abruptis
1163 1864 1213 1916 Mb.
1247 1863 1302 1916 Dc-

288 1953 349 2005 inde
367 1971 447 2006 auum
465 1967 512 2019 pro
533 1955 624 2003 sinum
635 1950 677 2028 bid
695 1966 718 2002 c.
738 1949 795 2001 edd.
815 1958 874 2000 ante
888 1948 961 2002 Grau.
980 1953 1044 2018 typis
1064 1953 1205 2018 exscriptis,
1223 1955 1304 2005 ainus

288 2039 339 2092 bib.
375 2037 437 2089 Tum
455 2047 621 2092 perstantes
640 2037 670 2092 Α.
699 2037 758 2088 ‘Pro
776 2041 921 2092 recedentia
939 2037 986 2090 Bb.
1005 2038 1047 2090 Md
1066 2047 1092 2090 et
1109 2055 1147 2105 pr.
1168 2037 1208 2089 bib
1226 2056 1302 2093 rece-

289 2131 386 2195 denica,
400 2127 422 2177 A
434 2130 616 2180 recedentibus
629 2129 759 2179 omnibus.
787 2124 873 2176 Statim
886 2129 955 2182 solis
965 2125 1006 2178 W.
1017 2125 1057 2176 bia
1070 2134 1095 2177 et
1107 2125 1153 2178 Ba.
1182 2124 1210 2190 3)
1225 2137 1302 2178 octo-

288 2233 334 2268 νει
357 2231 394 2281 pr.
419 2213 467 2264 Mb.
518 2213 588 2264 Idem
613 2215 733 2276 fuerunt.
776 2211 854 2262 Addit
879 2211 937 2264 Ver.
962 2216 1022 2266 eiua
1050 2217 1199 2267 dementiae.
1247 2212 1304 2264 Mox

288 2317 335 2370 pro
354 2312 378 2355 et
395 2299 432 2352 Bb
452 2304 493 2358 orl.
516 2302 641 2354 Aetium.
673 2298 734 2350 Tum
753 2318 846 2353 eorum
863 2315 911 2366 pro
930 2304 1047 2353 eiusdem
1059 2299 1107 2352 bib.
1139 2297 1178 2350 Pr.
1198 2305 1304 2354 comitis

289 2384 338 2438 bic.
373 2387 403 2450 4)
423 2387 459 2438 lta
478 2387 510 2436 W
529 2395 552 2438 ei
571 2386 627 2439 Man
645 2402 692 2454 pro
711 2390 815 2452 iisdem,
834 2391 935 2441 biaciam
953 2386 1006 2438 Bab
1026 2395 1052 2438 et
1071 2387 1122 2452 bid,
1140 2389 1255 2454 bip'sclern
1273 2387 1304 2451 Α,

289 2477 388 2528 eisdem
411 2472 458 2524 Mc.
500 2473 527 2524 ln
555 2491 627 2542 seqq.
653 2485 761 2544 operatu
784 2479 882 2528 rollione
906 2473 1247 2529 tubuniensem
1273 2476 1304 2527 Α.

288 2561 404 2613 Proxime
439 2569 530 2612 contro
563 2565 698 2614 dominum
729 2559 808 2611 habet
835 2560 881 2611 Bb.
932 2560 1002 2611 Idem
1033 2565 1161 2630 quicquic.
1205 2560 1305 2613 Deinde

288 2653 397 2718 fuerunt
415 2646 437 2697 Α
456 2655 480 2696 ct
498 2663 535 2713 pr.
555 2646 605 2698 bib.
643 2646 670 2710 5)
689 2650 737 2700 Sic
756 2665 817 2716 erpo
837 2650 921 2700 Ozias
940 2645 988 2698 Ma.
1023 2646 1118 2698 Vitiosa
1137 2651 1305 2713 turribulum,

290 2745 317 2786 ut
336 2735 393 2787 edd.
412 2752 449 2802 pr.
469 2743 495 2786 et
513 2743 618 2802 utraque
640 2735 746 2798 Venet,
768 2733 820 2798 Bb,
840 2710 978 2787 turlulum
994 2733 1040 2784 bic
1077 2733 1136 2785 Mox
1154 2745 1246 2789 contra
1265 2739 1306 2790 dci

289 2827 370 2892 legem
388 2823 475 2874 scribit
493 2822 543 2873 Mb.
581 2813 653 2886 Quod
677 2831 736 2889 post
761 2825 901 2875 resistente
922 2820 991 2889 vulg.
1011 2820 1104 2888 legitur
1124 2826 1179 2876 etti
1202 2831 1305 2874 auctore

289 2910 346 2960 cod.
361 2908 397 2961 Ba
416 2912 497 2961 omisi.
528 2909 593 2962 Part.
613 2921 635 2963 et
655 2919 713 2976 post
731 2913 809 2962 nollet
827 2925 841 2959 a
861 2923 926 2959 corr.
947 2925 979 2960 ιιι.
999 2909 1223 2975 superscriptum'
1215 2925 1241 2960 m
1255 2909 1305 2962 bb.

289 2997 356 3047 Dein
380 3001 483 3061 cedere,
508 2997 577 3066 quod
597 2996 714 3048 Baluziur
738 2998 834 3048 invenit
856 2999 880 3048 in
899 2995 960 3048 XXI.
981 2996 1055 3049 codd.
1073 3003 1136 3049 vett.
1155 3005 1181 3048 et
1203 3007 1306 3065 praeter

291 3084 349 3137 edd.
369 3101 407 3152 pr.
426 3085 545 3136 exhibent
563 3084 652 3136 Ramb.
673 3085 768 3136 Erasm.
788 3083 862 3135 Grav.
881 3083 977 3136 Moreil.
997 3093 1022 3136 et
1040 3099 1114 3152 quam
1138 3093 1241 3137 secutus
1267 3094 1306 3136 est

291 3171 422 3237 Baluzius,
442 3170 539 3238 Oxum,
560 3175 622 3224 item
640 3175 725 3241 reperi
743 3175 768 3222 in
786 3169 844 3222 Mbd
865 3174 933 3224 etin
952 3171 1007 3236 bic,
1033 3173 1057 3222 in
1076 3185 1127 3240 quo
1146 3181 1247 3224 enatum
1267 3182 1306 3225 ast

292 3277 307 3312 e
327 3265 438 3326 credere,
458 3263 527 3330 quod
546 3271 633 3313 tenent
652 3263 762 3330 quinque
782 3260 854 3311 codd.
869 3262 964 3328 antiqui
976 3259 1106 3311 Baluaiani
1120 3267 1145 3310 et
1159 3257 1212 3312 rell.
1225 3263 1306 3312 nostri

292 3357 398 3416 excepto
425 3365 476 3400 uno
500 3349 600 3414 Bamb,
628 3353 653 3400 in
683 3365 733 3418 quo
760 3356 798 3399 est
821 3351 957 3412 recedere,
985 3364 1033 3400 nec
1057 3363 1108 3398 non
1133 3346 1192 3399 edd.
1211 3347 1304 3400 Manui.

282 3433 384 3490 ,Pamcb
398 3444 472 3504 atque
484 3437 575 3506 Rigalt.
607 3437 719 3488 Alteram
735 3450 797 3488 vero
811 3435 947 3486 lectionem
966 3435 1053 3486 baberi
1072 3436 1148 3486 etiam
1167 3435 1192 3485 in
1211 3433 1305 3486 Italicis

291 3521 361 3573 libris
378 3539 437 3576 mss.
458 3524 517 3574 inde
536 3533 616 3592 patet,
635 3524 702 3592 quod
721 3526 745 3575 in
759 3521 869 3596 Gotting.
889 3523 996 3590 exempl.
1012 3523 1052 3574 ed.
1065 3522 1158 3574 Μιιιιιιι.
1177 3524 1218 3573 vir
1236 3521 1304 3574 doct.

292 3608 354 3660 nibil
374 3626 405 3661 ex
423 3612 453 3661 iis
472 3611 595 3662 adnotans
612 3612 742 3662 varietatis
762 3613 867 3664 credere
886 3612 992 3662 mutavit
1010 3612 1036 3660 in
1055 3613 1152 3663 seduc.
1192 3607 1220 3660 in
1232 3624 1304 3677 seqq.

292 3695 352 3747 Ver.
371 3697 460 3748 scribit
478 3715 508 3750 eu
526 3707 601 3760 porte
619 3701 739 3765 corporis
757 3699 866 3750 scilieet.
905 3697 970 3748 Dein
988 3705 1095 3750 notetus
1114 3706 1154 3750 ecl
1179 3698 1231 3760 (eat
1249 3711 1264 3747 a
1282 3712 1302 3748 r.

266 3801 270 3816 ·
292 3799 323 3833 m.
344 3783 441 3852 addito)
463 3783 511 3837 bib.
542 3782 590 3834 Pro
608 3787 653 3837 ubi
671 3789 812 3854 signentur
830 3787 875 3853 qui
893 3788 1026 3838 dominum
1043 3793 1226 3852 promerentur
1243 3784 1305 3834 inA

291 3869 397 3938 legitur:
417 3890 467 3940 pua
487 3874 591 3924 sulcari
608 3874 812 3939 obtemperantes
831 3875 962 3926 dominum
981 3889 1063 3946 ponc.
1078 3901 1108 3912 -
1123 3876 1207 3928 Deum
1216 3887 1302 3941 prom·

293 3956 494 4026 exhibentbicd,
514 3961 616 4014 domino
635 3975 672 4028 pr.
692 3957 731 4013 btb
751 3966 776 4014 ct
794 3957 840 4014 Bb.
