2872 4806
577 421 620 486 55

105 598 157 660 ne,
187 597 252 642 com
276 577 477 661 expeditionis
500 575 566 642 dies
586 578 720 660 venerit,
744 579 893 664 inpeditos
916 587 947 646 et
968 581 1116 668 inplicitos

105 692 307 776 adprehendat.
354 691 467 756 Laceat
488 691 518 754 in
534 685 560 770 ⁷)
582 691 669 756 honis
692 694 835 776 operibus
857 699 991 757 nostrum
1017 696 1117 763 lomen

104 816 131 871 et
158 805 287 891 fulgeat,
318 811 351 868 ut
373 806 469 888 ipsum
492 820 549 868 nos
571 805 610 868 od
632 805 730 868 lucem
753 806 894 869 claritatis
916 814 1056 875 aeternae
1079 811 1117 876 de

103 922 153 984 lac
174 921 287 984 saeculi
310 924 400 984 nocte
421 917 575 1002 perducat.
611 917 830 1002 Exspectemus
843 915 871 1000 ⁸)
891 922 1009 986 solliciti
1032 943 1117 989 sem-

82 1035 206 1119 speret
229 1037 307 1099 cauti
328 1033 489 1099 adventum
513 1033 624 1098 domini
646 1035 844 1118 repentinum,
868 1043 909 1118 ut,
933 1037 1052 1118 quando
1067 1041 1117 1104 ille

101 1149 267 1232 pmsaaerit,
290 1148 415 1231 evigilet
436 1146 510 1212 fides
532 1152 654 1227 nostra,
683 1141 1053 1232 vigilantiae'proemium
1079 1139 1117 1214 de

102 1263 214 1328 domino
237 1267 408 1347 receptum.
429 1332 433 1340 x
453 1262 485 1327 Si
511 1261 586 1326 haec
615 1259 750 1324 mandata
782 1269 957 1343 serventur,
987 1265 1014 1327 si
1042 1263 1118 1328 haec
1173 1341 1182 1354 ἱ

101 1380 204 1442 monita
227 1374 299 1456 εἰς)
322 1383 483 1461 praecepta
506 1382 676 1456 teneantur,
702 1375 828 1458 opprimi
851 1375 1033 1442 dormientes
1049 1378 1117 1442 dia-

102 1493 165 1557 bolo
188 1492 310 1556 fallente
332 1510 393 1556 non
415 1507 586 1573 possamus.
625 1489 712 1556 Servi
733 1489 840 1574 vigiles
857 1485 895 1568 ¹⁰)
918 1490 1035 1555 Christo
1057 1492 1117 1556 do-

73 1607 226 1672 ttminante
247 1606 452 1691 regnabimus.

165 1799 193 1865 7)
211 1801 361 1855 Lucontio
379 1800 457 1852 nolte
473 1795 522 1849 Bb.
558 1796 625 1849 Dein
642 1796 711 1850 idem
735 1794 801 1848 liber
824 1798 911 1852 lumea
937 1804 1075 1864 nostrum,
1093 1797 1118 1851 A

102 1891 182 1943 tumea
199 1897 329 1944 oudam·
360 1884 450 1939 Statim
469 1895 494 1941 et
510 1889 641 1955 relittpcot
658 1899 767 1954 moxque
783 1887 843 1954 ipae
854 1915 886 1928 -
900 1887 935 1938 od
945 1886 1032 1940 tameo
1049 1885 1118 1939 idem

102 1974 129 2027 Α.
160 1973 190 2044 8)
208 1977 245 2030 m
266 1984 436 2046 expectamus
454 1973 505 2026 lib.
541 1973 570 2026 ln
595 1989 666 2042 seqq.
685 1983 715 2027 ot
739 1989 754 2025 e
778 1987 845 2024 corr.
863 1972 930 2023 inter
953 1987 1020 2025 vers.
1039 1973 1117 2028 habet

102 2061 144 2115 llo.
183 2061 303 2116 Proximo
327 2065 419 2134 oipilot
442 2061 484 2115 lib
510 2069 536 2114 et
559 2060 605 2115 Bb.
651 2061 781 2128 Deinceps
808 2071 832 2114 et
857 2063 922 2130 palae
948 2070 1043 2114 nostro
1067 2059 1116 2113 tta.

102 2149 127 2217 9)
150 2158 174 2205 ot
195 2149 227 2202 ab
253 2149 286 2203 al.
304 2166 337 2203 m.
362 2151 561 2218 superscriptam
585 2151 611 2201 in
630 2147 672 2200 W.
707 2148 766 2199 llox
789 2149 896 2202 diabolo
921 2145 971 2199 lllb.
1008 2146 1054 2215 10)
1077 2145 1115 2200 Ba

102 2254 147 2294 non
163 2246 232 2306 anto,
251 2237 300 2292 aad
316 2245 376 2306 post
392 2240 469 2294 acroi
485 2240 582 2310 otpiloe
600 2236 738 2306 distinguit.
