2872 4806
611 425 654 495 '15

121 591 300 673 adpetentes
321 595 504 654 munuum
523 607 545 652 c
563 589 634 670 fide,
658 595 688 653 et
708 588 906 652 inseruerunt
925 587 1135 652 secutoribus

118 706 229 769 moitis.
273 704 418 767 Dominus
449 709 546 766 autern
570 703 675 785 quibus
699 698 796 779 nos⁴)
822 701 976 784 proemisis
998 700 1035 764 sd
1058 719 1137 766 con-

119 825 260 900 temptum
289 819 335 881 rei
364 816 515 882 iunnilisris
544 817 673 880 invitet?
717 817 811 879 Parve
834 815 909 880 hsce
931 820 961 877 et
972 813 999 894 ⁵)
1023 817 1133 900 exigua

118 930 207 994 huius
231 933 373 1012 temporis
398 931 502 994 demna
523 932 630 1011 quibus
654 931 844 994 mercedibus
870 929 1001 1012 pensati
1046 929 1140 994 Nemo

95 1052 175 1123 sest,
200 1041 343 1126 inquit⁶),
367 1045 421 1126 qui
443 1046 600 1126 relinquat
615 1039 640 1122 7)
663 1046 784 1108 domum
807 1052 862 1106 cut
882 1062 991 1125 spretor
1010 1049 1139 1123 autpe-

117 1167 223 1222 rentes
243 1167 299 1222 out
318 1157 437 1238 [ratres
459 1167 514 1222 out
534 1177 663 1222 uxorem
685 1167 740 1221 cut
759 1159 842 1240 filice
861 1165 991 1238 propter
1012 1175 1139 1238 repuum

117 1271 169 1333 dei
192 1278 223 1332 et
241 1289 303 1333 non
326 1270 459 1350 recipiat
483 1271 596 1352 septies
626 1278 740 1332 tontum
769 1271 802 1330 io
834 1271 894 1332 isto
924 1277 1074 1350 tempore,
1106 1270 1140 1331 in

117 1383 244 1448 saecuto
267 1393 367 1447 cutem
390 1393 518 1448 venturo
540 1386 635 1448 eitum
657 1392 823 1447 aeternum.
870 1384 983 1458 Quibus
1009 1383 1139 1467 cognitis

119 1495 210 1560 etde
234 1495 344 1559 domini
356 1491 384 1574 ⁸)
407 1497 575 1578 pollicentis
599 1499 725 1561 veritate
754 1497 906 1579 conpertis
935 1496 997 1559 non
1027 1502 1138 1561 tanturn

81 1611 251 1676 retinendo
273 1628 334 1674 non
367 1617 412 1673 est
441 1610 602 1690 eiusmodi,
633 1611 688 1674 sed
712 1606 782 1690 ct⁹)
805 1609 933 1693 optando
955 1612 1069 1673 iactura
1092 1617 1138 1674 est

119 1727 185 1808 ipso
218 1725 319 1788 denuo
352 1724 471 1789 domiuo
505 1723 698 1807 praedicante
732 1731 763 1788 et
796 1731 937 1789 monente
960 1719 1014 1802 ¹⁰):
1049 1722 1139 1787 Beati

119 1843 216 1920 eritis,
241 1861 308 1904 cum
322 1837 363 1920 ¹¹)
382 1842 538 1920 persecuti
559 1859 615 1904 cos
635 1841 764 1922 suerint,
787 1848 817 1903 et
836 1841 1051 1920 separaverint
1070 1857 1136 1918 coe,

119 1964 148 2018 et
162 1952 204 2034 ¹²)
228 1956 423 2036 expulerint,
455 1962 485 2017 et
514 1955 732 2018 maledixerint
760 1955 877 2017 nomini
897 1963 999 2019 cestro
1021 1962 1057 2017 ut
1077 1971 1136 2016 oe-

118 2087 208 2150 puum
234 2076 364 2150 propter
391 2069 489 2150 filium
518 2068 658 2130 itcmiois.
715 2068 854 2132 Gaudete
884 2069 918 2132 io
939 2068 1005 2131 iile
1036 2068 1086 2129 die
1116 2073 1146 2127 et

16 2239 17 2252 ,
81 2181 262 2244 necesitate.
301 2179 382 2244 Ecce
404 2181 483 2242 enim
504 2197 621 2242 merces
634 2188 739 2243 cestro
755 2177 792 2258 13)
809 2180 905 2244 multu
921 2188 968 2244 est
982 2181 1015 2242 in
1031 2179 1135 2243 caetis.

126 2351 329 2362 —1————

116 2455 154 2506 pr.
174 2438 224 2492 tis.
267 2439 295 2504 4)
314 2455 367 2493 nse
391 2435 437 2490 Be.
479 2437 508 2506 5)
532 2446 557 2492 et
581 2451 632 2491 om.
649 2438 680 2491 Α.
723 2436 792 2492 Idem
810 2454 869 2492 mcx
885 2455 933 2508 pro
949 2451 1042 2510 pensat
1060 2441 1137 2496 hebet

20 2563 22 2569 .
115 2509 263 2595 ...imin
306 2525 335 2590 c)
355 2524 440 2577 uatis.
459 2524 508 2590 ιο,
527 2524 639 2580 29-30.
682 2525 710 2587 n)
728 2530 861 2596 reiquae
878 2543 917 2596 pr.
937 2528 995 2581 rein
1013 2531 1138 2599 suumn

116 2613 172 2678 ub,
199 2617 358 2682 derelinquit
374 2613 405 2666 Α.
441 2611 520 2664 Paulo
547 2621 605 2681 post
630 2617 671 2668 dei
689 2631 799 2684 repnum
816 2614 882 2666 idern
901 2614 973 2668 iiber.
1009 2614 1071 2668 Tum
1088 2631 1137 2671 re-

117 2704 195 2769 cipiet
212 2700 269 2752 niae
288 2708 314 2752 et
331 2702 362 2753 A.
400 2699 501 2752 Deinde
525 2705 623 2756 centies
648 2709 767 2770 quattuor
790 2702 865 2755 codd.
885 2711 947 2755 vett
967 2701 1096 2756 Betuciuui
1113 2719 1137 2755 c.

117 2787 175 2840 edd.
201 2786 323 2840 Deventr.
349 2797 374 2840 et
397 2788 508 2853 discut,
537 2793 636 2860 septies
663 2798 747 2842 autern
774 2797 800 2842 et
827 2789 910 2843 liutici
935 2799 962 2842 et
988 2792 1067 2844 nostri
1092 2807 1137 2842 ss-

115 2874 284 2926 seutientibus
302 2875 371 2927 libris
390 2883 449 2927 unte
469 2873 563 2926 Manui.
582 2876 648 2942 typis
666 2872 798 2944 exscriptis
823 2877 948 2930 omnibus.
988 2876 1025 2930 Its
1043 2876 1139 2930 Noster

15 3023 16 3042 χ
117 2964 194 3014 etiam
220 2963 245 3012 in
271 2961 353 3031 Epist.
377 2962 438 3016 tut
461 2962 493 3015 ed
518 2963 640 3016 Thibarit.
665 2979 689 3030 p.
708 2962 739 3013 91
769 2972 795 3015 et
820 2964 852 3016 sd
876 2963 1006 3018 Fortunat.
1031 2981 1057 3032 p.
1076 2963 1136 3018 273.

116 3048 258 3118 Praeposit.
278 3055 307 3104 in
326 3059 385 3104 ente
404 3055 457 3114 istc
476 3062 591 3122 tempore
609 3067 659 3103 om.
678 3051 709 3103 A.
745 3050 774 3116 8)
795 3054 899 3105 domino
911 3051 941 3102 W
961 3059 986 3102 et
1004 3050 1051 3104 Me.
1081 3051 1140 3104 Mox

117 3139 142 3189 in
161 3129 226 3236 DQ
243 3140 268 3190 in
292 3153 342 3208 quc
365 3140 527 3208 distinguitur
551 3147 611 3191 ente
636 3157 705 3208 uon,
732 3147 791 3207 post
816 3141 947 3193 eiusmodi
971 3137 1002 3189 sb
1025 3154 1077 3190 rec.
1096 3139 1139 3190 iile

116 3241 183 3278 men.
204 3228 403 3293 superscriptum
422 3235 461 3278 est
483 3229 617 3297 sopiendo.
662 3225 691 3290 9)
712 3237 735 3280 et
754 3241 803 3278 orn.
823 3225 864 3278 dib
889 3233 915 3277 et
933 3224 969 3289 Α;
994 3228 1139 3294 adoptando

117 3327 164 3380 prc
184 3323 209 3366 et
226 3317 338 3383 optando
356 3311 433 3365 hebet
450 3311 498 3378 W3
524 3315 634 3366 citando
652 3312 764 3366 scribunt
781 3312 849 3364 Mbd.
886 3311 1016 3381 Deinceps
1033 3316 1140 3368 iactura

15 3397 16 3432 1
117 3411 157 3454 eet
181 3399 241 3452 Ver.
267 3399 347 3453 diebc.
372 3398 425 3450 Dsb
450 3408 476 3451 et
499 3417 562 3454 unus
587 3400 684 3468 Nesp.;
711 3399 809 3469 vulgati
836 3401 904 3452 enim
930 3400 986 3452 iibri
1013 3415 1063 3451 cnr.
1089 3411 1139 3454 est.

117 3485 235 3538 Proxime
254 3489 358 3540 dominc
377 3490 460 3542 deterso
479 3487 526 3540 tta.
572 3487 617 3553 10)
635 3486 694 3539 Luc.
714 3488 746 3550 6,
765 3486 876 3539 22-23,
913 3485 986 3539 Coni.
1006 3486 1092 3539 litetth.
1113 3487 1139 3550 5,

119 3573 230 3624 11-12.
272 3572 316 3636 11)
335 3577 411 3628 Beati
428 3578 510 3639 estis,
529 3579 653 3644 quostiam
670 3574 700 3627 Α.
737 3574 799 3626 Tum
815 3577 953 3643 persecuti
972 3591 1021 3627 coe
1038 3578 1142 3642 fremui

116 3663 238 3714 domineco
262 3658 311 3711 Mb.
357 3661 429 3724 Quae
454 3661 532 3713 lectio
559 3679 616 3714 cum
640 3662 738 3716 Gracco
764 3671 834 3714 textu
860 3662 989 3713 convenit.
1033 3661 1139 3714 Additur

117 3749 237 3800 domines
262 3750 337 3798 etiam
362 3748 387 3798 iu
412 3749 485 3814 epist
503 3747 565 3800 tvl.
590 3765 615 3816 p.
634 3748 684 3814 91,
711 3750 744 3802 nd
771 3749 900 3802 Fortunat.
927 3765 952 3816 p.
978 3747 1030 3800 272
1056 3757 1083 3800 et
1106 3749 1139 3801 ud

118 3832 215 3894 Quirin.
234 3832 276 3884 111.
298 3833 339 3887 16.
356 3851 382 3902 p.
400 3833 459 3888 310.
497 3834 540 3900 12)
560 3847 583 3890 et
602 3853 651 3888 om.
671 3837 719 3890 Mc.
753 3838 780 3890 ln
799 3821 871 3906 sequ.
889 3851 935 3904 pro
954 3846 984 3892 ut
1001 3835 1043 3888 tid
1062 3835 1140 3888 hebet

118 3925 206 3989 qussi.
243 3919 358 3990 Conisp.
379 3921 420 3974 91.
439 3922 490 3974 272
508 3931 535 3976 et
553 3923 612 3976 310.
657 3923 704 3983 13)
723 3924 804 3977 Deest
827 3934 918 3978 cestra
938 3923 1014 3975 ind.
1050 3923 1138 3976 Stetinr

117 4011 202 4064 utra
225 4017 267 4066 eet
289 4023 340 4064 cm.
360 4009 392 4062 W
411 4018 437 4065 et
454 4010 485 4064 Α.
529 4014 613 4068 notra
638 4013 699 4066 item
724 4027 775 4066 om.
798 4010 886 4066 Bemb.
910 4011 976 4067 tiber
998 4018 1025 4062 et
1047 4009 1138 4080 Augu·
