2872 4806
594 435 633 506 31

107 591 138 656 in
159 577 314 658 aeternum
337 594 531 660 fraternitatis
556 601 611 663 sihi
643 601 832 664 cohaerentis
856 601 978 684 unitate,
1002 599 1127 668 durabit.

102 706 152 770 Ad
175 726 301 792 regnum
331 713 482 778 caelomm
505 733 565 778 non
589 721 688 796 potest
719 717 882 797 pervenire
894 713 936 801 ¹³)
960 716 1108 781 discordia
1116 738 1126 795 3

102 821 141 882 ad
155 823 319 903 praemium
344 824 470 905 Christi,
494 827 544 907 qui
567 826 658 890 dixit:
681 827 748 891 lloc
763 837 810 891 est
829 830 1005 894 mendcium
1020 851 1127 910 aneon,

100 943 136 998 ut
150 935 292 1016 diligatis
315 937 461 1018 inpioern,
484 939 734 1018 quemadmodum
755 941 854 1003 dileei
876 961 949 1018 cos,
974 945 1128 1023 pertinere

78 1061 166 1110 anon
181 1050 292 1129 poterit
307 1049 358 1129 qui
381 1047 568 1113 dilectionem
586 1049 694 1114 Christi
716 1051 829 1133 persida
847 1052 1036 1118 dissensione
1058 1057 1129 1120 vio-

105 1161 182 1222 lavit.
222 1161 280 1235 Oui
302 1164 454 1225 caritatem
478 1183 538 1228 non
563 1165 668 1244 hahet,
691 1164 778 1228 deum
802 1185 863 1230 non
887 1167 1037 1245 habet'l).
1076 1169 1129 1233 lo-

102 1275 189 1336 annis
211 1273 343 1360 heati¹⁵)
367 1277 494 1358 apostoli
517 1297 579 1341 vox
603 1284 668 1341 est:
690 1279 793 1356 Dens,
826 1281 918 1362 inquit
931 1277 985 1362 ¹⁶),
1007 1283 1129 1346 dilectio

103 1395 167 1464 est,
192 1395 221 1449 et
242 1390 295 1469 pai
317 1397 418 1451 manet
441 1391 475 1451 in
490 1389 668 1466 dilectione,
694 1391 726 1452 in
741 1390 799 1452 deo
821 1401 932 1469 munet,
957 1401 987 1454 et
1005 1393 1080 1456 deus
1095 1395 1129 1456 in
1222 1417 1226 1432 .

99 1503 156 1564 illc
178 1509 288 1564 monet.
328 1503 401 1564 Cum
424 1502 482 1567 deo
496 1497 539 1588 ¹⁷)
562 1521 685 1566 manere
707 1521 768 1566 uon
792 1511 918 1586 possunt
940 1507 1127 1586 quiessem

63 1615 235 1677 tteoclesia
258 1615 307 1678 dei
331 1615 484 1678 unanimes
518 1615 686 1677 noluerunt.
732 1611 914 1693 Ardeant¹⁸)
946 1617 1017 1679 licet
1039 1616 1127 1679 ilam-

99 1729 157 1790 mis
173 1735 205 1790 et
227 1728 346 1812 ignibus
369 1727 476 1806 traditi,
500 1726 549 1790 vel
573 1727 683 1790 obiecti
706 1728 811 1790 bestiis
834 1729 946 1792 animas
970 1748 1040 1794 suas
1063 1749 1124 1814 po-

99 1996 136 2048 Ba
150 2005 176 2048 et
187 2014 224 2066 pr.
236 1998 275 2050 W.
309 1997 352 2063 13)
372 1995 509 2052 corticella
523 2007 549 2050 et
563 1996 593 2050 Α.
623 1997 689 2049 Deio
709 2016 756 2052 nce
775 2003 809 2054 cd
829 1999 911 2053 hlbcd.
924 1999 971 2053 Bb.
985 1999 1007 2052 h
1021 2009 1046 2053 et
1065 1999 1125 2051 edd.

103 2085 275 2138 Pamelianarn
295 2087 493 2150 antecedentes,
512 2085 684 2168 itemvoxpn,
704 2089 729 2138 in
749 2087 839 2156 quibus
859 2097 918 2140 ante
936 2105 984 2142 nec
1002 2097 1127 2140 commate

100 2182 127 2225 et
146 2181 205 2224 aute
222 2177 357 2243 pectines-c
374 2183 467 2242 puncto
487 2174 658 2243 distinguitur.
689 2174 740 2226 Sed
759 2191 807 2229 nee
827 2177 852 2226 io
871 2174 913 2226 hlb
932 2193 946 2226 a
965 2192 985 2226 r.
1001 2192 1033 2228 m.
1047 2191 1126 2243 prae·

99 2262 192 2323 hrum,
218 2263 243 2312 iu
267 2260 307 2312 tte
331 2264 528 2331 superscriptum
553 2271 599 2316 est.
636 2261 716 2314 Recte
740 2270 792 2315 tras
811 2262 871 2314 Ver.
891 2264 1022 2332 ceterique
1046 2263 1126 2314 nostri

100 2365 149 2402 nee
169 2348 294 2402 omittunt.
336 2348 402 2402 Dein
421 2367 467 2419 pro
484 2349 554 2418 vulg.
570 2354 690 2420 pecunia
708 2349 784 2403 codd.
803 2351 881 2404 nostri
900 2366 989 2402 omnes
1007 2350 1128 2404 exhibent

99 2442 264 2508 praemircm,
292 2446 318 2488 et
343 2441 378 2490 ita
403 2439 514 2489 correxit
540 2438 588 2488 iam
615 2441 653 2490 sir
678 2438 771 2491 doctus
796 2437 838 2490 ille
862 2437 938 2489 Italus
963 2439 987 2487 in
1014 2436 1126 2505 Gotting.

100 2523 240 2591 exemplari
261 2524 379 2576 editionis
396 2523 503 2576 Menan:
533 2538 566 2574 ex
593 2539 644 2592 quc
668 2532 739 2592 patet
761 2524 869 2577 eandem
888 2523 1024 2576 lectionem
1042 2523 1074 2575 ab
1094 2539 1127 2576 co

100 2613 231 2662 inventam
252 2613 352 2662 esseio
372 2609 465 2662 italicis
483 2611 555 2662 libris
573 2608 632 2662 hias.
669 2611 698 2662 ln
723 2610 781 2664 loco
800 2610 911 2664 loanneo
934 2611 995 2676 (15,
1021 2610 1074 2680 12.)
1093 2609 1126 2660 W

100 2697 188 2750 scribit
213 2717 287 2768 paens
311 2703 468 2754 crumelum.
504 2699 564 2750 hlux
587 2703 620 2753 ud
640 2701 778 2754 Christum
800 2703 935 2769 pertinere
957 2716 1011 2752 noir
1029 2703 1130 2771 poterit

101 2783 163 2858 dant
186 2783 232 2836 Bt.
256 2787 279 2836 A
303 2793 329 2836 et
354 2785 467 2855 plerique
494 2785 551 2836 libri
577 2793 642 2838 vett.
672 2802 687 2836 a
713 2784 819 2837 Baluaio
847 2784 1006 2853 perlustrati;
1039 2794 1127 2838 contra

99 2876 197 2941 pertin.
221 2889 276 2926 non
299 2877 393 2941 poterit
418 2877 514 2940 (potuit
538 2872 584 2941 W)
609 2875 644 2926 ed
667 2876 815 2942 proemium
841 2876 945 2928 Cirrieti
968 2871 1009 2924 W.
1028 2871 1125 2926 blabod.

100 2957 137 3010 Ba
157 2968 184 3012 et
202 2959 261 3012 edd.
280 2977 354 3028 supra
374 2968 588 3012 commemoratae
614 2969 724 3028 excepta
743 2958 895 3025 Oxouieusi,
921 2961 945 3011 in
971 2975 1020 3029 qua
1046 2967 1127 3011 emtat

101 3050 134 3101 ad
160 3051 306 3102 Christano
350 3047 384 3099 ht
408 3047 486 3098 verba
514 3049 547 3100 ad
572 3049 710 3102 Uiriatum
737 3054 762 3097 et
791 3049 825 3100 cd
849 3050 998 3116 praemium
1024 3035 1127 3102 Christi

100 3133 199 3203 glossas
218 3134 346 3202 redoleat,
365 3153 431 3205 quae
444 3153 476 3188 er
489 3151 566 3203 marg.
585 3135 610 3186 in
630 3142 724 3185 textum
743 3131 878 3188 fluxerunt.
915 3133 960 3198 tl)
979 3137 1056 3188 deum
1073 3150 1126 3186 non

101 3229 247 3280 habetem.
267 3221 298 3274 Α.
338 3223 382 3290 15)
402 3221 604 3285 hectidcestiu
625 3219 675 3272 ttd.
721 3219 1033 3288 16J1.10ann.4‚to.
1069 3219 1127 3270 Mox

101 3317 146 3383 qni
162 3321 253 3387 monet
271 3314 299 3364 in
318 3314 373 3374 dcc,
392 3313 420 3363 in
438 3313 574 3364 dilectione
592 3319 677 3362 enarret
696 3306 736 3358 W.
755 3305 836 3359 hlaibe
852 3305 897 3357 Ba.
911 3306 949 3373 A3
970 3309 1015 3376 poi
1033 3309 1062 3386 in
1079 3309 1125 3360 dt-

102 3404 215 3454 lectione
233 3409 335 3466 nrcnet,
356 3407 442 3450 assaraci
461 3401 489 3450 in
507 3400 552 3452 ilco
570 3395 612 3447 hld
632 3412 653 3448 c.
674 3395 715 3448 ed.
734 3394 857 3446 Daventr.
894 3393 977 3447 Verba
997 3411 1083 3462 sequ:
1103 3403 1127 3448 cl

101 3491 167 3542 deus
188 3490 216 3539 in
233 3489 281 3539 illc
300 3495 396 3550 marcet,
415 3485 593 3536 desiderantur
611 3485 636 3535 ia
650 3484 709 3535 Ver.
730 3492 755 3535 et
773 3483 820 3534 hle.
851 3481 877 3533 ln
897 3481 1023 3534 testimon.
1036 3477 1076 3532 lll.
1090 3477 1125 3544 3.,

102 3574 145 3626 ubi
162 3575 233 3643 vulg.
253 3571 361 3642 legitur;
381 3583 404 3626 et
421 3575 488 3627 deus
507 3576 535 3626 in
554 3590 592 3635 ec,
613 3570 686 3623 codd.
699 3571 739 3622 W.
754 3569 812 3624 hlbc
831 3577 856 3622 et
878 3569 924 3634 Ba,
944 3577 970 3620 ut
987 3567 1012 3620 h.
1030 3566 1057 3632 l.,
1077 3583 1125 3618 ex-

102 3662 206 3715 hhrentt
226 3661 251 3716 et
262 3665 329 3717 deus
347 3666 377 3715 in
394 3665 441 3715 illo
459 3671 552 3715 maeret.
586 3659 704 3712 Ceterum
724 3661 748 3712 in
767 3659 899 3727 superiore
917 3656 975 3707 loco
994 3669 1040 3722 pro
1059 3657 1125 3708 teas

103 3750 141 3803 Bb
165 3765 303 3820 perperam
326 3750 414 3804 scribit
439 3753 571 3804 dominus.
614 3749 660 3816 17)
679 3751 746 3802 Cum
764 3749 869 3800 domino
887 3743 950 3796 Bab.
985 3741 1045 3793 Mox
1062 3745 1125 3810 qnia

105 3837 254 3906 typothetae
273 3853 361 3890 errore
380 3837 483 3901 hanun,
501 3837 545 3888 ubi
564 3838 601 3888 vir
620 3836 711 3887 doctus
728 3835 836 3887 correxit
855 3836 907 3902 qui.
944 3831 1009 3882 hate
1026 3832 1125 3883 emiue-

104 3937 167 3979 runt
189 3928 215 3978 ia
234 3925 258 3976 Α
276 3924 341 3976 male
358 3926 484 3993 repetitur
501 3941 569 3978 eus.
613 3923 659 3989 te)
679 3925 776 3976 Ardent
793 3919 841 3972 Bb.
871 3917 953 3970 Verba
972 3921 1015 3974 ccl
1031 3920 1127 3972 obiecti

107 4012 146 4066 hlb
164 4029 181 4066 ι
199 4027 264 4067 corr.
283 4029 315 4066 m
334 4015 359 4065 io
379 4027 429 4082 mg.
448 4011 534 4065 habat.
