2872 4806
772 437 828 492 xlv

298 606 528 686 Veronensium,
557 602 819 686 Neapolitanorum
851 605 880 660 ct
907 597 1135 675 Vaticanorum,
1164 595 1220 660 scd
1248 612 1310 658 uon

296 730 517 810 Beneventani,
539 733 572 791 ut
593 725 729 807 opinatur
751 721 1099 789 schoenemannus
1123 717 1152 780 in
1174 717 1312 781 Biblioth.

297 853 600 917 historico-litterar.
623 851 739 913 Patrurn
762 848 823 910 hat.
847 847 929 909 'lom
950 844 970 906 1.
993 862 1022 924 p.
1047 838 1135 923 121,
1164 841 1201 904 ad
1228 859 1312 905 mar-

297 979 384 1060 gines
407 977 585 1059 exemplaris
608 973 745 1039 editionis
767 970 955 1035 Manutianae
984 963 1086 1050 (Rom.
1116 962 1209 1029 1563.
1233 962 1314 1046 101.),

298 1101 379 1182 quod
401 1102 432 1164 in
454 1101 635 1164 Bibliotheca
658 1097 749 1162 Acad.
772 1091 959 1176 Gottingensi
982 1094 1163 1167 asservatur,
1185 1107 1203 1149 a
1226 1087 1315 1150 docto

298 1225 370 1288 ltalo
393 1241 471 1288 saec.
488 1224 562 1286 xvi.
588 1222 743 1302 adscripta.
781 1217 871 1280 Culus
894 1216 961 1279 libri
983 1211 1200 1296 pretiosissimi,
1224 1229 1315 1291 quem

299 1349 352 1410 Vir
367 1346 554 1410 doctissimus
574 1345 871 1426 Schweigerus,
895 1337 1096 1401 Bibliothecae
1112 1333 1317 1416 Gottingensis
1432 1349 1433 1352 ¹

299 1471 481 1550 Praefectus,
497 1471 627 1554 henigne
640 1466 836 1530 adnuentibus
848 1463 969 1526 summis
982 1459 1168 1523 curatoribus
1185 1458 1214 1520 in
1230 1474 1318 1518 usum
1432 1463 1433 1480 ³

300 1613 397 1657 meum
423 1593 632 1657 humanissime
661 1590 698 1653 ad
728 1609 775 1651 me
806 1585 982 1664 transmisit,
1016 1601 1095 1645 anno
1130 1581 1211 1646 1737
1241 1599 1319 1663 pos-

301 1739 406 1786 sessor
434 1720 488 1782 suit
518 1715 687 1780 lacobus
727 1713 933 1776 Soranzus
967 1714 998 1770 ct
1027 1712 1151 1788 postero
1183 1713 1320 1786 tempore

302 1843 503 1926 losephus
526 1840 664 1918 Smith,
688 1836 798 1900 Consul
821 1834 978 1896 Britannus
1002 1829 1080 1911 apud
1104 1831 1245 1893 Venetos

391 1968 423 2030 ln
446 1967 483 2029 iis
506 1984 579 2028 vero
603 1962 765 2039 codicibus,
788 1975 914 2039 quorum
935 1952 1082 2016 lectiones
1105 1952 1254 2014 variantes
1281 1953 1325 2016 ibi

304 2093 504 2176 reperiuntur,
527 2088 690 2172 principem
712 2086 810 2147 locum
834 2079 947 2142 obtinet
968 2074 1153 2137 Veronensis
1176 2074 1236 2154 illc,
1259 2065 1325 2154 quo

175 2189 179 2208 Ι
304 2218 464 2282 Latinus
497 2212 682 2276 Latinius
716 2211 745 2270 in
781 2201 953 2269 adornanda
988 2198 1120 2262 editione
1153 2197 1327 2260 Manutiana

303 2361 377 2407 usus
400 2347 454 2404 est.
496 2341 559 2402 Nec
581 2338 650 2399 loco
675 2334 802 2396 alienum
824 2327 942 2391 videtur
966 2340 1034 2386 esse
1056 2320 1220 2401 adponere,
1244 2337 1327 2401 quae

303 2470 343 2533 de
365 2469 414 2532 ullo
435 2457 580 2549 κειμηλίῳ
603 2458 754 2523 adnotavit
770 2455 822 2517 'vir
836 2435 1056 2538 spectauimus·
1071 2450 1102 2506 et
1117 2443 1155 2505 de
1171 2440 1327 2526 Cypriano

304 2590 490 2656 restituendo
524 2587 634 2670 optime
665 2581 789 2645 meritus
821 2579 851 2640 in
881 2573 971 2655 Epist.
1002 2569 1039 2632 ad
1073 2565 1166 2629 Andr.
1198 2565 1325 2630 blasium
1432 2615 1433 2648 ,

305 2719 338 2780 T.
369 2715 402 2780 Π.
436 2734 464 2797 p.
498 2708 568 2776 101.
603 2703 870 2788 ,Antiquissimum
903 2695 1038 2760 codicem
1066 2689 1189 2768 unum“,
1218 2688 1325 2769 inquit,
1432 2689 1433 2778 j

211 2887 216 2902 .
308 2858 368 2920 „ex
396 2833 572 2904 ¹Veronensi
604 2827 783 2894 bibliotheca
822 2820 975 2887 advectum
1011 2812 1118 2878 litteris
1155 2809 1325 2884 maiusculis

307 2969 376 3028 ante
406 2975 501 3026 annos
530 2956 626 3034 mille,
655 2958 689 3016 ut
716 2955 807 3032 puto,
837 2943 979 3024 scriptum
1006 2936 1165 3019 diligenter
1192 2950 1260 2996 cum
1281 2929 1324 2996 lo.

306 3086 437 3168 Baptista
459 3079 643 3167 Singhicello
670 3071 806 3157 percurri
813 3091 823 3148 ;
855 3087 895 3131 ex
925 3082 963 3129 eo
994 3061 1024 3126 id
1053 3059 1187 3141 inprimis
1217 3056 1326 3120 lactum
1432 3079 1433 3112 r

308 3222 355 3278 est
375 3209 461 3291 lucri,
482 3213 515 3271 ut
536 3205 642 3283 multa,
665 3217 743 3283 quae
767 3195 915 3279 cypriano
938 3189 1120 3264 trihuuntur,
1142 3181 1234 3245 notha
1257 3197 1327 3242 esse
1432 3203 1433 3234 r

307 3335 540 3419 intelligeremus
547 3349 557 3407 ;
584 3324 657 3390 nihil
686 3321 764 3386 enim
793 3316 884 3380 habet
913 3312 1074 3376 admixtum
1095 3322 1217 3382 corum,
1249 3317 1327 3382 quae

309 3463 366 3526 viri
396 3459 476 3523 docti
494 3459 577 3519 ante
607 3465 664 3513 nos
691 3445 767 3509 falso
791 3438 939 3524 cypriano
961 3432 1109 3514 adscripta
1131 3441 1200 3490 csse
1223 3423 1328 3505 auspi·
1432 3445 1433 3456 ¹

311 3584 368 3651 cati
400 3587 469 3646 sunt
500 3577 621 3654 uerius,
660 3587 747 3652 quam
782 3566 972 3628 censuerunt.
1031 3551 1113 3620 Ordo
1149 3547 1329 3630 scriptorum
1432 3509 1433 3590 1

309 3725 408 3792 paene
430 3703 509 3768 idern
530 3701 561 3763 in
588 3694 741 3770 omnibus,
772 3685 852 3752 ande
875 3701 937 3748 non
966 3679 1037 3744 satis
1066 3673 1168 3740 mirari
1196 3685 1328 3753 possum,
1432 3659 1433 3672 ¹

312 3851 370 3914 qua
398 3828 496 3892 ironte
525 3831 619 3888 totum
641 3813 797 3882 inverterit
818 3805 1084 3906 audacissimorum
1106 3795 1257 3861 hominum
1279 3789 1330 3854 vel
1432 3807 1433 3874 g

313 3931 458 4040 imperitia
484 3948 534 4014 rel
560 3952 643 4010 certe
671 3939 786 4005 levitas.
837 3934 927 4012 Nam,
956 3933 988 3992 ut
1017 3921 1121 4002 vides,
1150 3919 1182 3984 in
1209 3911 1329 3980 excusis

314 4079 413 4146 omnia
433 4091 532 4160 pacnc
554 4089 610 4136 suo
632 4068 702 4132 loce
723 4067 814 4142 mota,
836 4055 943 4124 omnia.
958 4047 1083 4127 diuulsa,
1104 4061 1167 4108 non
1185 4046 1329 4123 tempora,
