2872 4806
139 586 186 650 ria
200 580 264 672 ¹⁷),
286 585 433 652 adversus
455 585 631 654 sacrificium
646 585 755 652 Christi
776 588 912 670 rebellio,
935 607 990 673 pro
1005 590 1064 656 fido
1085 611 1159 675 per-

139 700 237 780 fidus,
260 719 316 784 pro
333 702 481 786 religione
505 702 690 784 sacrilegus,
711 703 917 786 inobsequens
938 723 1063 786 servus,
1084 706 1160 772 iilius

138 815 237 897 inpius
259 813 352 878 frater
374 815 510 880 inimicus
540 816 717 896 contemptis
748 816 898 899 episcopis
922 823 952 880 et
982 816 1030 882 dei
1053 835 1159 882 sacer-

137 925 258 992 dotibus
281 923 489 1011 derelictisffi)
512 928 696 992 constituere
712 926 802 992 audet
817 929 897 993 aliud
912 911 1017 1010 altare,
1038 949 1159 1014 precem

109 1040 262 1104 cultorum
284 1039 402 1104 inlicitis
431 1039 556 1102 vocibus
578 1037 697 1117 socero,
731 1037 896 1104 dominicae
919 1041 1036 1104 hostiae
1071 1045 1157 1106 veri*

136 1160 228 1218 tutem
250 1171 305 1236 per
321 1152 393 1216 salsa
416 1153 561 1216 sacrificia
584 1151 761 1234 profanare,
785 1171 841 1218 neo
857 1154 936 1218 scire
950 1149 989 1232 ¹⁹)
1011 1156 1151 1236 quoniam

138 1270 191 1350 qui
215 1275 319 1332 contra
344 1266 562 1332 ordinationem
586 1266 635 1330 dei
657 1267 779 1347 nititur,
802 1269 841 1332 ob
864 1269 1037 1332 temeritatis
1060 1268 1157 1333 auda-

138 1382 216 1446 ciam
240 1380 339 1446 divina
361 1379 620 1444 animadversione
641 1379 771 1461 punitur.

604 1575 698 1646 xvi.

226 1720 275 1788 Sic
298 1721 377 1786 core
390 1720 417 1799 ¹)
448 1726 478 1784 et
506 1719 621 1782 Dathan
652 1727 683 1783 et
711 1719 845 1801 Abiron‚
880 1724 930 1804 qui
960 1723 1016 1787 eibi
1050 1729 1157 1788 contra

101 1836 272 1920 ¹⁰Moysen
295 1842 326 1897 et
346 1832 449 1897 Aaron
473 1831 661 1896 sacerdotem
692 1831 879 1898 sacrificandi
908 1835 1056 1900 licentiam
1087 1839 1157 1900 vin-

139 1950 244 2015 dicare
266 1950 362 2014 conati
385 1953 471 2028 sunt,
493 1964 607 2030 poenas
630 1949 728 2012 atatim
750 1966 806 2030 pro
828 1950 890 2012 suis
921 1950 1076 2014 conatibus
1099 1970 1158 2034 pe-

211 2159 256 2224 1⁷>
275 2162 364 2216 Aoetia
390 2167 430 2214 eat
448 2159 544 2211 attaris
562 2154 606 2208 Ba.
642 2154 705 2208 Voc.
723 2158 820 2210 attam
838 2155 912 2210 abeat
930 2173 946 2210 a
963 2157 1009 2212 Bb.
1046 2159 1110 2212 Dein
1130 2170 1155 2214 et

137 2253 261 2304 incertum
285 2249 310 2300 in
328 2245 391 2300 Bab.
425 2243 529 2298 interro
555 2243 646 2296 ordine
665 2240 701 2294 Ba
720 2242 797 2296 habet
817 2245 919 2300 Oia-icti
937 2251 1111 2316 enormium,
1131 2255 1158 2300 et

136 2353 185 2408 pro
203 2339 312 2391 reteitia
329 2337 354 2386 in
371 2333 411 2386 dib
430 2331 523 2401 iegitur
538 2335 611 2401 facit.
650 2329 711 2382 Turn
734 2335 830 2401 perfide
854 2337 971 2403 perfidus
995 2347 1105 2404 moxque
1130 2340 1160 2390 aa

135 2429 271 2496 obsequiis
287 2437 422 2493 perpetrm
439 2419 525 2472 scribit
542 2417 572 2470 A.
611 2418 654 2482 18)
674 2421 778 2474 delictis
798 2436 836 2487 pr.
849 2420 888 2472 W.
925 2421 992 2474 Dein
1010 2427 1105 2476 cudent
1123 2421 1156 2476 A.

138 2514 184 2578 19)
205 2512 292 2578 „ilaec
310 2512 434 2578 scriptura
453 2508 560 2560 habetur
577 2510 603 2560 in
622 2508 739 2561 omnibus
758 2509 867 2578 antiquie
891 2509 1022 2562 codicibus
1046 2517 1072 2562 et
1096 2510 1154 2564 edi-

136 2602 259 2665 tionibus,
277 2599 323 2650 nini
341 2597 410 2666 quod
428 2599 453 2648 in
471 2596 560 2648 codice
578 2595 739 2664 Burgundico
758 2598 879 2664 scriptum
900 2605 954 2650 eet:
976 2601 1068 2652 Nescit
1085 2615 1155 2668 quo-

136 2694 217 2746 niam.
254 2686 360 2752 Quidum
378 2700 455 2750 nero,
479 2683 525 2736 red
543 2685 619 2752 pauci
636 2701 669 2737 ne
687 2687 768 2736 acire.
802 2683 926 2736 Manutius
945 2684 1024 2737 edidit
1042 2704 1090 2739 nec
1108 2689 1154 2740 di-

136 2789 235 2850 mtur
252 2779 332 2831 acia-e.
369 2772 443 2838 Quod
464 2771 495 2824 ab
515 2786 547 2822 eo
571 2779 642 2823 recte
667 2769 759 2822 iactum
780 2773 814 2822 nit
831 2769 957 2824 Pameiiue
976 2773 1008 2824 ad
1026 2774 1155 2826 vitandum

136 2864 307 2934 hyperbaton,
326 2861 464 2914 admonena
482 2861 583 2910 interim
602 2865 692 2912 voc'enr
710 2861 834 2928 elipantum
850 2873 899 2910 non
914 2867 1015 2911 exstare
1027 2862 1050 2912 in
1065 2876 1156 2912 manu-

134 2955 242 3022 scriptio.
272 2949 339 3004 Sanc
351 2963 400 3017 ego
419 2947 486 3000 iiiam
505 2949 530 2998 in
549 2945 618 2998 nniio
639 2961 728 2998 eorum
746 2953 862 2998 veterum
881 2946 1071 3013 exemplarium,
1093 2949 1153 3016 qui-

137 3041 186 3094 bua
213 3047 284 3104 utor,
310 3038 401 3104 reperi.
437 3034 517 3086 Deest
544 3036 621 3087 etiam
648 3035 674 3085 in
700 3042 799 3101 reptem
819 3033 982 3102 Angiioanie‚
1009 3041 1037 3086 ut
1055 3035 1157 3087 minime

138 3127 303 3182 dubitandum
329 3125 361 3177 ait
387 3125 446 3192 quin
473 3124 584 3190 expungi
611 3120 730 3174 debeat.“
766 3124 910 3176 Boionius.
931 3148 962 3160 -
984 3124 1118 3190 Dignatur·
1134 3137 1158 3174 e

138 3215 231 3280 cndu,
259 3228 323 3283 quoa
339 3213 396 3280 ipsa
415 3210 531 3274 excueei,
550 3207 649 3270 nuiiue3
678 3223 710 3258 cx
737 3205 830 3258 Italion
849 3223 913 3258 unus
932 3205 1017 3269 hahet,
1033 3206 1101 3258 rrnda
1119 3207 1159 3258 vir

138 3305 229 3358 domm
248 3299 399 3358 demendum
418 3298 525 3351 cenauit.
555 3295 644 3350 Statim
664 3298 724 3365 puta
742 3309 788 3361 pro
807 3297 929 3364 quoniam
948 3297 993 3364 qui
1009 3291 1055 3345 Bb.
1087 3292 1158 3346 ldem

137 3409 171 3446 cc
205 3406 235 3442 ro
253 3393 291 3444 ct.

187 3407 271 3532 itm
292 3476 319 3541 1)
338 3476 374 3530 ite
387 3473 441 3528 Bab
457 3456 486 3528 ¹et
497 3473 571 3538 Mon,
591 3473 647 3526 reid.
661 3472 748 3540 scripti
766 3477 843 3538 atque
862 3468 919 3522 edd.
935 3471 1027 3524 Odore.
1057 3465 1117 3536 Seq.
1136 3475 1160 3522 et

135 3585 190 3622 om.
217 3567 249 3622 A.
297 3564 360 3618 Tum
384 3564 452 3616 idom
481 3562 559 3615 habat
589 3565 701 3630 Aiprnat.
756 3558 815 3610 diox
847 3561 963 3627 Moyaem
999 3557 1061 3608 dant
1092 3554 1158 3621 diac,

139 3657 199 3710 dein
216 3656 370 3718 aacwdctea
387 3651 427 3706 W.
446 3649 486 3704 ua
503 3659 531 3702 ct
548 3649 578 3700 A.
614 3647 698 3700 Primo
716 3649 743 3699 in
762 3645 803 3698 Mb
821 3645 942 3713 scriptum
964 3643 1013 3696 init
1041 3645 1157 3713 ditipen-

140 3749 213 3812 tim
249 3741 311 3794 Tum
328 3743 465 3795 uindicare
484 3741 508 3789 in
527 3736 584 3788 tino
602 3744 723 3788 mutatum
742 3751 757 3786 a
774 3750 795 3786 r.
814 3751 846 3786 m.
866 3734 892 3784 iu
911 3735 1067 3798 vendicare,
1089 3729 1157 3799 quod

139 3831 265 3884 exhibent
283 3829 323 3882 uc
340 3837 367 3880 et
384 3826 414 3879 A.
449 3825 567 3878 Proxime
584 3842 697 3895 poariam
714 3822 763 3875 Mb.
808 3820 873 3873 Adv.
899 3824 990 3874 atatim
1014 3827 1073 3886 post
1096 3821 1158 3872 auia

138 3919 205 3972 mole
231 3923 375 3986 posuerunt
400 3914 488 3967 Balur.
515 3921 542 3964 et
566 3911 656 3964 Goldh.
692 3910 751 3964 Mox
774 3912 950 3990 dependerunt
974 3905 1160 3976 (peroptanti.)

139 4023 191 4093 dib,
209 4025 331 4098 perpercit
344 4019 376 4088 A,
395 4022 499 4112 repenti.
518 4026 570 4074 trec
583 4017 673 4088 neap..
692 4015 730 4070 Bb
749 4025 775 4070 et
788 4015 854 4083 ded,
873 4000 901 4088 f
908 3999 1023 4088 roperti.
1039 4011 1101 4080 (sic)
1113 4007 1158 4062 Be.
