2908 4802
812 431 835 494 4

313 587 406 674 plices
429 595 459 652 et
475 587 502 670 ⁴)
526 597 624 657 tamen
646 609 713 656 oum
735 590 922 672 simplicitate
944 588 1124 673 prudentes,
1151 589 1222 672 quid
1244 589 1331 671 aliud,

315 706 424 769 iratres
448 706 645 784 dilectissimi,
679 723 766 785 quam
796 704 957 784 providere
987 722 1043 766 nos
1060 701 1086 779 5)
1114 707 1271 786 convenit,
1302 712 1331 769 ει

314 821 441 883 sollicito
465 821 558 884 corde
581 821 740 903 vigilantes
764 819 881 882 subdoli
903 818 998 883 hostis
1019 819 1141 882 insidias
1157 820 1330 904 intellegere

314 936 425 1017 pariter
449 941 478 997 ει
501 955 620 1014 cavere,
644 955 682 998 ne
705 936 756 1016 qui
779 934 937 1013 Christum,
960 935 1135 1015 sapientiam
1160 934 1209 998 dei
1230 934 1330 1016 patris,

287 1050 461 1113 ainduimus
478 1046 522 1129 ⁶),
555 1052 652 1114 minus
684 1068 792 1132 sapere
822 1051 852 1111 iu
885 1047 994 1111 luenda
1025 1048 1122 1111 salute
1153 1047 1331 1124 videamur?

313 1165 418 1245 Neque
444 1167 520 1228 enim
543 1167 715 1247 persecutio
739 1164 804 1261 sola
826 1162 984 1226 metuenda
1009 1170 1055 1226 εει
1072 1158 1107 1242 ⁷),
1132 1169 1163 1226 ει
1185 1181 1231 1241 εε,
1255 1179 1331 1242 quae

313 1280 492 1342 subruendis
521 1298 555 1342 ac
585 1280 749 1344 deiciendis
780 1279 828 1342 dei
858 1280 955 1343 servis
986 1286 1090 1360 aperta
1118 1278 1330 1360 inpugnatione

312 1398 495 1476 grassantur.
541 1392 670 1456 Facilior
701 1393 798 1454 cautio
829 1399 876 1454 εει
903 1392 954 1453 ubi
982 1389 1136 1454 manifesta
1152 1385 1181 1468 8)
1204 1389 1330 1453 formido

313 1513 374 1586 est,
399 1512 429 1567 ει
451 1505 488 1568 od
510 1513 661 1568 certamen
684 1506 798 1567 animus
821 1511 890 1567 ante
912 1506 1124 1586 praestruitur,
1154 1502 1273 1584 quando
1296 1521 1330 1566 εε
1433 1503 1435 1510 ’

273 1638 299 1680 m
313 1620 504 1683 adversarius
517 1615 718 1698 confiteturb.
751 1621 819 1682 Plus
832 1619 1008 1682 metuendus
1021 1627 1066 1682 εει
1083 1626 1112 1681 ει
1128 1616 1280 1680 cavendus
1294 1611 1331 1692 ¹⁰)

312 1734 457 1813 inimicus,
482 1751 547 1796 cum
564 1730 601 1809 ¹¹)
622 1721 750 1794 latenier
771 1732 897 1812 obrepit,
921 1751 987 1793 oum
1003 1749 1059 1813 per
1073 1732 1156 1813 pacis
1172 1730 1330 1812 imaginem

313 1846 420 1910 fallens
445 1847 569 1908 occultis
592 1847 764 1933 accessibus
787 1847 890 1926 serpit,
912 1845 993 1909 unde
1013 1853 1042 1908 ει
1057 1863 1166 1909 nomen
1181 1843 1329 1924 serpentis

312 1961 436 2040 accepit.
480 1959 523 2020 Ea
546 1966 593 2021 εει
615 1959 678 2021 eius
701 1975 821 2038 semper
844 1957 949 2020 astutia
967 1953 1025 2034 ¹²),
1061 1975 1095 2018 ea
1126 1961 1172 2018 εει
1198 1956 1330 2017 circum-

311 2070 452 2134 veniendi
475 2071 601 2132 hominis
624 2088 714 2132 caeca
738 2077 768 2131 ει
789 2070 938 2132 latebrosa
962 2068 1085 2130 fallacia.
1123 2069 1173 2133 Sic
1191 2071 1228 2132 ab
1246 2070 1328 2132 initio
1442 2051 1443 2054 Ἴ

272 2204 297 2247 m
312 2187 407 2248 statim
429 2182 529 2248 mundi
552 2181 667 2262 fefellit,
691 2189 721 2244 ει
743 2175 858 2267 venibis
882 2180 1073 2244 mendacibus
1096 2181 1252 2244 blandiens
1273 2200 1329 2244 ru·
1344 2187 1386 2234 ¹9⁴

257 2361 261 2370 Ι
310 2385 475 2438 essevoeA.
512 2382 540 2447 4)
554 2381 698 2435 atombla.
726 2379 775 2430 Pro
796 2390 880 2435 tamen
898 2379 1017 2432 scribitur
1034 2389 1135 2435 tantum
1153 2380 1241 2432 iullld.
1272 2381 1331 2432 llox

309 2473 451 2540 prudentie
470 2471 495 2520 iu¹
508 2471 538 2521 A.
576 2469 604 2532 5)
623 2487 672 2522 uos
686 2469 717 2520 A.
753 2468 781 2532 6)
800 2467 838 2520 lla
852 2468 909 2520 Ver.
928 2467 990 2519 Bab.
1010 2477 1035 2519 ει
1055 2484 1087 2519 ex
1107 2468 1242 2520 duodecim
1259 2468 1330 2518 libris

311 2557 369 2608 Μεε.
382 2565 459 2624 atquc
472 2571 522 2608 uno
535 2555 657 2607 vossiano
668 2554 794 2621 baluzius,
807 2559 944 2609 induimur
953 2555 992 2606 W.
1006 2555 1096 2607 blabcd
1110 2571 1166 2607 cum
1180 2556 1237 2607 edd.
1248 2553 1329 2606 Bulu-

311 2646 408 2695 zianam
422 2638 643 2708 antecedentibus,
662 2646 803 2698 induimini
815 2642 845 2694 A.
877 2642 939 2694 Tum
958 2653 982 2696 ει
994 2647 1118 2697 icttuooda
1131 2647 1217 2696 salute
1228 2658 1266 2710 pr.
1280 2640 1330 2692 bib.

311 2731 457 2796 Postumo,
478 2746 548 2782 erasa
561 2732 650 2798 partic.
664 2741 698 2799 et,
718 2745 794 2797 supro
806 2729 848 2783 lin.
861 2733 981 2798 scripturn
994 2740 1033 2782 est
1045 2734 1082 2784 cle.
1115 2733 1241 2784 deluenda
1254 2728 1331 2779 babet

312 2821 389 2868 etiam
407 2817 455 2870 lllc.
485 2817 551 2868 Deio
570 2822 708 2872 videamus
725 2817 755 2869 Α.
793 2818 822 2886 t)
840 2821 977 2872 metuenda
995 2829 1035 2872 eet
1052 2823 1076 2872 ci
1093 2817 1143 2870 Mb.
1173 2816 1289 2868 Proxime
1307 2824 1332 2868 ει

312 2909 438 2959 eiciendis
448 2905 495 2956 Bb.
522 2907 626 2958 luverso
640 2907 727 2958 ordine
740 2911 830 2960 seroie
843 2911 885 2961 dei
894 2907 934 2958 W.
945 2906 1024 2958 Mabc.
1035 2906 1097 2958 Bab.
1107 2908 1138 2958 Α,
1165 2905 1227 2957 Tum
1239 2913 1332 2974 aperta

312 2997 492 3063 indipnotioae
504 2993 553 3047 bib.
588 2993 658 3046 Idem
675 2997 754 3062 primo
767 3005 920 3065 praecatur,
940 2994 1008 3063 quod
1021 3010 1155 3062 perperam
1167 2992 1287 3046 exhibent
1298 2990 1332 3040 W

313 3088 340 3130 ει
350 3080 420 3144 blac;
434 3093 576 3136 crescatur
586 3079 630 3132 Ba.
661 3083 690 3146 8)
700 3084 869 3149 manifestior
880 3081 921 3131 ed.
932 3080 1025 3132 llanm.
1050 3079 1165 3132 Correxit
1177 3082 1215 3132 vir
1227 3079 1293 3129 doct.
1305 3078 1331 3128 in

314 3167 423 3236 Gotliog.
444 3168 551 3235 exempl.
571 3172 720 3239 manifeste.
755 3168 813 3218 blox
825 3167 883 3219 eod.
896 3167 1002 3219 Vindob.
1017 3185 1092 3236 supro
1106 3170 1147 3220 cit.
1157 3168 1333 3237 preciduntur

313 3255 437 3321 probante
450 3258 567 3309 Dentato.
605 3256 634 3321 9)
655 3251 768 3310 adverae
785 3260 864 3324 priua
885 3261 1021 3326 confitetor
1032 3257 1082 3321 Ma,
1100 3260 1236 3326 profitetur
1247 3250 1288 3302 blb
1305 3257 1333 3300 ει

313 3339 407 3392 Pamel.
439 3340 490 3394 Sed
504 3342 555 3395 vid.
569 3342 708 3396 Gronov.
722 3341 864 3395 Observato.
877 3343 919 3394 111.
932 3343 974 3394 24.
987 3361 1012 3412 p.
1022 3343 1081 3396 323.
1095 3343 1135 3394 ed.
1148 3338 1291 3392 Frolscher.
1306 3345 1333 3388 ει

313 3426 422 3480 Baluz.
440 3429 498 3481 Not.
517 3449 541 3499 p.
556 3429 614 3482 544.
654 3429 698 3497 10)
718 3434 853 3484 cavendus
871 3441 911 3484 oet
929 3441 952 3484 et
971 3435 1101 3484 timendus
1119 3428 1150 3479 A.
1185 3429 1333 3482 Timendue

314 3514 374 3565 dant
398 3517 472 3566 etiam
491 3515 531 3568 W.
554 3513 637 3567 blubo.
662 3524 688 3566 ει
711 3515 774 3568 Bab.
810 3519 863 3570 ttae
887 3533 902 3568 o
924 3533 947 3585 r.
963 3534 995 3569 m.
1017 3520 1083 3570 inter
1100 3532 1168 3568 vers.
1187 3515 1266 3566 babet
1283 3513 1332 3564 blo.

315 3601 360 3670 11)
385 3597 433 3672 pam
459 3632 491 3642 -
515 3596 564 3682 pafo
589 3603 604 3654 i.
625 3619 648 3654 ε.
672 3607 795 3672 quoniam
815 3633 847 3642 -
866 3609 988 3672 quonium
1006 3620 1053 3671 pro
1073 3623 1133 3658 eum
1150 3631 1185 3642 —
1203 3620 1277 3669 cum,
1304 3609 1334 3652 ut

314 3691 416 3757 passim,
434 3689 465 3742 A.
500 3689 540 3740 De
558 3689 608 3740 boc
625 3690 780 3756 ,compendio
798 3691 850 3742 vid.
864 3690 1015 3742 Wunder.
1034 3689 1105 3742 Varr.
1117 3689 1197 3742 Lectt.
1209 3691 1234 3740 in
1248 3688 1332 3742 Cicer.

316 3793 347 3828 ex
360 3777 417 3828 cod.
430 3775 525 3828 Erlurt.
539 3785 607 3831 enot.
623 3794 648 3845 p.
662 3776 756 3828 xcvlt.
770 3794 824 3846 seq.
854 3777 933 3829 Paulo
950 3785 1008 3844 post
1026 3780 1121 3846 accipit
1139 3775 1186 3828 Bb.
1223 3775 1268 3840 12)
1288 3779 1333 3830 Ea

316 3881 364 3934 pue
382 3881 486 3933 semper
503 3875 542 3918 εει
560 3869 665 3920 uelocia
683 3864 746 3934 (sic)
766 3864 801 3930 Α,
830 3883 933 3934 campen·
951 3868 1010 3918 eius
1027 3863 1085 3927 blb,
1112 3868 1172 3918 elue
1193 3879 1297 3932 comper
1316 3878 1332 3914 ε

316 3966 380 4002 corr.
394 3950 441 4002 illa.
471 3950 572 4005 Deinde
586 3957 824 4008 circumveniendis
836 3957 986 4008 bominibus
999 3967 1063 4004 unus
1075 3958 1126 4004 vot.
1139 3950 1205 4003 liber
1217 3948 1332 4004 Colbert.

316 4053 339 4090 c.
357 4037 455 4090 duobus
472 4037 548 4109 Angl.
583 4041 642 4094 blox
658 4045 797 4097 tenebrosa
815 4056 879 4095 unus
898 4041 956 4094 cod.
973 4055 1028 4110 rog.
1046 4046 1074 4092 et
1090 4053 1155 4093 uuus
1172 4036 1248 4108 nupt.
