2872 4806
325 629 356 687 et
384 623 563 686 inconeussa
593 620 728 684 firmitate
757 619 909 685 solidatos.
955 619 1015 697 Osi
1043 619 1146 698 ondit,
1177 619 1271 700 inquit
1284 615 1342 698 ²⁴),
1370 683 1383 702 ‚

324 736 420 800 aerbo
441 757 509 800 meo
532 743 561 798 et
585 737 666 818 sooit
692 756 746 813 eo,
779 734 919 800 similabo
950 755 1016 798 eom
1045 736 1114 798 viro
1141 735 1274 814 sapietati
1288 729 1344 810 ²⁵),

325 851 377 932 qni
407 849 581 930 oedifioooit
610 848 729 910 domam
759 866 846 910 soom
877 865 975 928 septo
1000 854 1128 927 petroni.
1181 847 1348 911 Descendit

322 963 440 1044 panio,
463 955 663 1035 sonmomw)
681 956 817 1036 flamina,
838 955 991 1035 flaverant
1004 959 1097 1035 vead,
1123 965 1152 1020 et
1165 943 1349 1039 impeperator

298 1079 359 1141 oin
382 1076 623 1152 domnaedium,
656 1083 686 1136 st
712 1093 774 1136 noa
803 1073 930 1147 oeoidit,·
956 1073 1090 1153 snodoto
1119 1072 1198 1133 emim
1224 1072 1287 1152 soit
1301 1065 1344 1147 ²⁷)
1423 1157 1427 1166 .

221 1167 238 1178 l
325 1209 418 1270 sopor
437 1199 567 1270 petram.
612 1189 720 1250 Verbis
743 1173 892 1270 igitur‘ffss)
916 1187 981 1248 eius
1004 1187 1153 1263 insistere,
1179 1203 1346 1272 quaesam-

327 1322 385 1384 que
408 1309 439 1364 et
461 1301 563 1366 docuit
580 1310 610 1364 et
633 1302 704 1366 iecit
719 1301 838 1364 discere
854 1307 884 1362 et
899 1298 1001 1363 iacere
1018 1300 1169 1362 debemus.
1206 1298 1346 1362 Ceterum

327 1415 453 1478 credere
476 1433 510 1478 se
533 1417 563 1478 in
586 1415 732 1480 Christum
749 1409 791 1491 29)
823 1413 975 1495 quomodo
1006 1413 1077 1478 dicit
1105 1414 1155 1494 qui
1185 1431 1246 1476 non
1277 1411 1346 1476 iacit
1426 1445 1427 1506 j

328 1528 408 1610 quod
432 1529 565 1593 Christus
588 1529 689 1592 facere
712 1529 890 1612 praecepit?
935 1529 996 1593 Aut
1011 1525 1053 1606 ³⁰)
1083 1528 1162 1592 unde
1189 1527 1345 1608 perveniet

289 1643 365 1707 mad
388 1645 552 1725 praemium
575 1643 644 1708 fidei
668 1647 718 1726 qui
740 1644 829 1708 fidem
857 1662 918 1708 non
946 1645 1009 1707 vult
1039 1661 1163 1708 servare
1193 1642 1343 1706 mandati?
1426 1703 1427 1708 ,

327 1757 418 1820 Nutet
434 1753 475 1836 ³¹)
498 1776 625 1821 neeesse
648 1766 695 1822 est
723 1765 752 1821 et
774 1763 918 1842 vagetur,
950 1765 980 1822 et
1009 1759 1115 1840 spiritu
1145 1759 1258 1820 erroris
1288 1758 1344 1820 ab·

328 1878 443 1952 reptos,
465 1872 548 1934 velut
569 1874 677 1954 pulvis,
702 1894 789 1955 quem
812 1882 921 1937 ventus
945 1875 1066 1954 excutit,
1089 1872 1266 1948 ventiletur,
1288 1889 1345 1934 neo
1426 1945 1427 1948 Ἴ

331 1972 507 2048 ambulando
531 1988 666 2068 proficiet
687 1989 725 2052 ad
743 1989 868 2052 salutem
888 2008 937 2070 qm
930 1988 1092 2052 salutaris
1108 1988 1174 2050 viae
1190 2003 1250 2048 non
1265 1991 1346 2049 tenet

331 2099 576 2162 veritatem·
762 2111 766 2116 '

816 2297 860 2364 11.

293 2453 318 2497 m
420 2438 559 2503 Cavenda
583 2447 651 2504 sunt
672 2447 771 2505 antem
790 2438 813 2520 ¹)
837 2458 897 2504 non
921 2439 1017 2504 solum
1048 2458 1124 2524 quae
1153 2445 1222 2503 sunt
1249 2425 1427 2521 aperta

331 2573 539 2584 Ἄ..

402 2637 448 2704 24)
477 2641 561 2708 inquit
587 2655 602 2690 a
625 2654 645 2690 r.
672 2656 703 2690 m.
729 2640 754 2688 in
782 2653 859 2706 marg.
887 2637 967 2688 habet
990 2637 1037 2690 Mc.
1075 2637 1131 2690 Vid.
1157 2638 1242 2690 Mattb.
1263 2639 1288 2703 t,
1308 2613 1350 2688 24,
1426 2683 1427 2708 q

311 2724 378 2790 ·25)
402 2727 462 2779 viro
487 2727 625 2794 prodenti,
654 2729 722 2778 alias
747 2726 864 2792 sepienti
886 2722 916 2773 A.
954 2721 1011 2775 ttox
1036 2727 1155 2792 aedificat
1173 2725 1213 2776 W.
1250 2723 1351 2776 Deinde
1426 2776 1427 2789 q

332 2834 436 2883 domum
454 2813 532 2848 mm
550 2847 632 2898 smper
650 2839 752 2898 petram
769 2827 826 2892 Mb,
853 2845 936 2897 smper
955 2839 1057 2896 petram
1081 2833 1155 2880 ettam
1182 2829 1230 2880 blo.
1257 2828 1351 2880 Manui.

333 2925 358 2970 et
377 2915 473 2982 Orion,
499 2927 637 2987 empetram
660 2915 722 2983 (sic)
749 2916 797 2968 bia.
851 2915 897 2982 26)
922 2920 1085 2970 advenerunt
1109 2917 1168 2969 Ver.
1187 2917 1226 2968 W.
1253 2915 1351 2968 blabcd.

331 3003 393 3056 Bab.
412 3004 434 3056 A
454 3021 475 3055 c.
496 3004 553 3056 edd.
573 3013 631 3055 ante
650 3003 744 3054 Manat.
764 3011 789 3054 et
810 3012 868 3070 post
894 3002 958 3054 hano
977 3003 1133 3057 Morelliana.
1170 3005 1221 3056 Sed
1240 3012 1353 3071 praestat

332 3091 438 3159 simplex
448 3090 562 3142 verbum.
587 3089 644 3142 Vid.
655 3089 796 3141 Gronov.
807 3088 952 3142 Observatt.
963 3092 989 3142 in
999 3089 1099 3158 Scriptt.
1110 3092 1201 3144 eccles.
1213 3091 1350 3143 monobibl.

333 3195 354 3230 e.
369 3178 393 3230 3.
412 3195 437 3246 p.
451 3178 510 3230 570.
547 3177 609 3230 Tum
628 3188 756 3232 verterant
774 3192 821 3244 pro
839 3179 971 3246 flaverant
991 3179 1030 3230 W.
1048 3176 1111 3230 Bab.
1130 3178 1189 3232 Ver.
1202 3179 1226 3230 3.
1246 3188 1273 3230 et
1290 3178 1351 3230 Bab.
1426 3209 1427 3238 2

332 3263 546 3334 Praepositionem
566 3273 624 3316 ante
644 3267 747 3318 donnum
766 3279 816 3315 om.
830 3263 860 3314 A.
898 3263 943 3329 27)
963 3275 1019 3318 erat
1034 3265 1072 3318 Bb
1092 3276 1118 3318 et
1130 3268 1161 3319 A.
1193 3266 1254 3318 Tum
1267 3285 1353 3335 supro

330 3374 358 3424 p.
378 3353 409 3403 W
429 3361 455 3404 et
473 3369 510 3421 pr.
529 3351 575 3406 Ba.
611 3353 659 3422 28)
678 3370 739 3423 erqo
759 3351 790 3404 A.
822 3353 888 3405 Ante
907 3357 995 3408 dearsit
1013 3371 1062 3409 om.
1082 3367 1106 3409 et
1123 3355 1165 3407 Mb
1185 3373 1207 3409 e.
1225 3356 1270 3410 Ba.
1301 3355 1352 3406 Sed

334 3441 401 3493 coni.
427 3441 508 3509 Epist.
527 3441 575 3493 LII.
599 3458 624 3509 p.
644 3441 687 3506 72,
706 3440 731 3491 t.
774 3443 810 3494 tte
835 3445 898 3510 feeit
925 3453 950 3498 et
975 3447 1063 3498 dormit
1090 3460 1198 3514 moxque
1225 3451 1284 3503 teri
1307 3461 1353 3512 pro
1385 3477 1387 3497 .

333 3535 423 3598 faeere
440 3528 518 3580 habet
535 3528 594 3580 Ver.
639 3527 687 3596 29)
705 3547 731 3582 se
750 3531 778 3579 im
799 3530 935 3582 Christum
954 3535 1061 3586 eredere
1078 3531 1125 3596 Bb,
1146 3560 1176 3570 -
1199 3537 1227 3586 in
1247 3536 1353 3587 obsisto

334 3616 384 3668 Mb.
422 3615 468 3684 30)
486 3618 519 3670 m
537 3613 568 3666 A.
604 3613 649 3678 31)
670 3617 726 3668 ittet
745 3631 783 3682 pr.
801 3615 857 3680 bib,
882 3620 960 3671 aliter
977 3633 1024 3685 pro
1043 3630 1129 3687 mutet,
1149 3621 1175 3670 in
1192 3619 1229 3670 Ba
1248 3621 1352 3683 omisso,
1391 3673 1395 3679 ,

335 3703 414 3755 habet
429 3703 459 3756 A.
489 3703 556 3754 Dein
574 3711 707 3771 torpetem,
717 3717 762 3768 pro
782 3714 805 3756 et
823 3714 934 3774 eupator
945 3704 991 3758 Ba.
1022 3705 1080 3758 Mox
1098 3717 1206 3777 areptus
1225 3706 1288 3774 (sic)
1301 3707 1352 3770 Mb,

336 3801 461 3860 arreptos
481 3789 517 3840 Bb
537 3797 564 3840 et
582 3787 655 3852 edd..
674 3805 739 3856 quae
760 3788 928 3842 Morellianam
947 3801 1155 3860 antecesserunt,
1181 3796 1240 3846 item
1259 3783 1352 3845 Pamsl.
1426 3791 1427 3816 ¹

336 3876 428 3944 Rigalt.
449 3885 475 3927 et
495 3873 574 3926 Oxon.
609 3874 637 3926 ln
663 3893 733 3945 seqq.
758 3881 875 3948 profitiat
892 3878 930 3932 Bb
956 3889 982 3931 et
1001 3879 1049 3932 Md.
1085 3879 1202 3934 Proxime
1226 3887 1280 3937 vito
1307 3899 1352 3952 pro

336 3969 396 4020 eine
414 3961 459 4014 Ba.

407 4050 437 4104 ll.
458 4050 486 4116 l)
505 4049 585 4104 Voce.
603 4055 703 4124 fratres
722 4055 899 4126 dilectissimi,
920 4071 986 4126 quae
1000 4071 1032 4108 ex
1044 4055 1177 4114 cambron.
1191 4059 1247 4114 cod.
1260 4059 1353 4112 adiecit
1426 4071 1427 4144 q
