2872 4806
619 459 656 523 ll

131 627 322 686 monstretur.
369 620 462 697 Quam
483 635 571 683 unam
595 617 753 682 ecelesiam
777 618 863 682 etiem
885 617 915 680 in
934 619 1050 682 cantico
1070 635 1146 682 caa-

145 757 339 766 --.-..-.-...-..-

126 823 188 874 item
207 821 232 872 b.
245 821 262 873 l.
275 820 325 874 llb.
360 819 406 872 Vir
426 819 524 886 doetus,
545 822 584 872 oui
603 819 727 874 lectiones
746 821 875 872 variantes
894 836 909 872 e
929 819 1001 872 codd.
1016 819 1070 872 ltal.
1090 819 1146 874 col·

126 909 210 960 lectas
223 907 354 974 debemus,
374 908 503 959 adnotavit
517 909 543 958 in
557 924 606 976 mg.
618 905 728 976 Gotting.
742 907 895 974 exemplaris
909 908 1024 960 editionis
1040 907 1147 960 linunt:

130 995 217 1061 „llaec
234 995 312 1047 verba
338 1003 395 1047 sunt
420 994 502 1046 addita
528 1012 559 1048 ex
579 1009 628 1046 uno
648 995 738 1046 codice
757 1009 879 1045 manuscr.
899 993 981 1045 Virisii
1002 993 1040 1062 (l)
1058 992 1147 1046 Bono-

130 1084 234 1148 niensis,
251 1085 294 1152 qui
313 1092 352 1136 est
372 1085 397 1134 iu
417 1081 573 1134 bibliotheca
589 1082 720 1146 Vaticana,
740 1097 753 1133 a
769 1081 795 1134 P.
810 1080 927 1133 Gabriele
945 1083 1147 1150 poenitentiario,

132 1172 304 1223 consentiente
317 1171 436 1240 Magistro
454 1172 520 1222 sacri
538 1169 650 1237 palatii.“
664 1199 698 1208 -
717 1169 788 1234 „Neo
802 1169 952 1234 llanutius“‚
971 1171 1005 1220 ait
1016 1167 1148 1222 Latinus

129 1255 283 1310 latinius
303 1259 366 1323 (vid.
384 1257 495 1309 Latini
514 1256 635 1309 Latinii
653 1256 809 1314 bibliothece
828 1272 899 1310 sacra
919 1265 945 1308 et
963 1255 1069 1325 prolana
1088 1255 1115 1308 Τ.
1129 1255 1146 1309 l.

47 1409 50 1416 Ι
127 1361 153 1411 p.
174 1345 232 1395 179.
252 1344 300 1395 col.
323 1343 376 1413 1.),
398 1361 462 1408 „nec
480 1343 606 1395 blasianus
625 1343 750 1395 Victorius
770 1343 818 1393 boe
839 1353 944 1410 possunt
963 1359 1077 1394 asserere
1100 1358 1148 1393 co·

128 1431 211 1482 dinem
232 1433 429 1483 vetustissimum
448 1430 620 1481 veronensem
646 1429 691 1496 (de
717 1445 749 1480 eo
775 1429 839 1480 enim
866 1445 974 1482 necesse
995 1437 1034 1482 est
1052 1437 1147 1482 tanturn

126 1519 152 1571 id
171 1519 309 1587 scribatur)
327 1520 377 1570 boc
396 1525 566 1570 assumentum
591 1515 724 1580 babuisse,
752 1533 801 1568 nec
819 1525 916 1584 septem
935 1525 1070 1584 praeterea
1090 1517 1146 1570 Vnt.

126 1606 203 1658 codd.
223 1608 351 1676 integros,
380 1613 483 1674 praeter
502 1605 671 1674 fragmentum
690 1605 816 1672 quoddam
837 1620 942 1671 operum
961 1602 1080 1674 Cypriani
1102 1620 1147 1658 re·

126 1695 276 1744 centissime
294 1695 413 1760 scripturn
427 1691 569 1756 bononiae,
589 1693 631 1761 qui
649 1691 697 1744 luit
710 1692 818 1746 l'ianoeii
838 1692 870 1743 de
884 1691 1029 1761 Albergatis
1047 1690 1146 1742 libellus

126 1778 209 1831 forma
228 1797 317 1848 parva,
337 1783 471 1832 continens
489 1788 608 1832 tractatus
628 1789 724 1831 tantum
741 1795 836 1848 paucos
850 1775 978 1848 Cypriani.
1010 1778 1066 1829 Vidi
1079 1793 1146 1846 qun·

127 1883 179 1935 que
198 1867 306 1920 alterum
325 1867 454 1936 exemplar
474 1866 605 1920 bononiae
624 1869 760 1936 integrum,
781 1867 849 1920 unde
867 1867 892 1919 id
911 1867 1077 1936 fragmentum
1096 1865 1144 1918 da-

127 1955 249 2020 scriptnm
275 1964 329 2007 erat
356 1959 452 2009 recenti
477 1959 600 2024 scriptura
625 1966 769 2022 exaratum,
800 1959 825 2008 in
850 1973 900 2026 quo
927 1958 1017 2009 eadem
1042 1957 1146 2008 insertio

127 2043 302 2110 marginalium
321 2045 498 2096 summularunt
517 2047 595 2096 erat.“
633 2044 687 2095 Nec
700 2045 886 2112 praetereunda
900 2045 998 2096 silentio
1011 2052 1069 2095 sunt
1080 2058 1146 2112 qnae

126 2127 196 2179 idern
214 2131 253 2180 uir
271 2129 431 2184 doctissimus
450 2140 537 2183 contra
556 2129 709 2195 Pamelium‚
730 2133 773 2200 qui
791 2131 870 2183 verba
888 2132 945 2183 illa:
972 2141 997 2185 et
1013 2136 1145 2201 primatus

126 2219 208 2270 Petro
226 2222 306 2273 dotus·
324 2229 373 2274 ete.
391 2223 476 2273 statim
495 2223 518 2272 in
538 2229 681 2274 contextum
700 2223 808 2290 recepit,
827 2219 888 2273 ibid.
902 2237 926 2288 p.
941 2219 1000 2271 178.
1017 2219 1066 2270 eol.
1079 2218 1095 2268 2
1108 2233 1145 2285 sq.

126 2305 233 2373 egregie
252 2308 362 2360 disserit.
400 2305 624 2377 „Quaecumque“,
650 2309 746 2378 inquit,
773 2307 831 2373 „laic
852 2316 909 2359 suut
927 2307 1011 2358 addita
1032 2311 1147 2374 (praeter

128 2409 184 2444 earn
204 2387 349 2461 lectionem,
369 2411 444 2464 quam
463 2395 549 2463 plnres
568 2405 594 2448 et
612 2397 765 2448 vetustiores
785 2395 858 2448 codd.
878 2397 988 2448 retinent
1006 2402 1031 2446 et
1050 2411 1064 2445 a
1080 2391 1145 2444 Gra-

126 2481 198 2530 tiano
218 2482 243 2532 in
263 2497 285 2533 c.
304 2487 422 2552 loquitur
440 2487 570 2537 dominus.
590 2483 631 2534 24.
652 2501 675 2552 q.
691 2483 713 2534 1.
732 2483 837 2534 relatam
856 2482 974 2552 legimus]
994 2485 1076 2535 omnia
1090 2490 1147 2535 sunt

128 2583 161 2619 ex
187 2569 366 2636 marginalibus
393 2570 523 2622 summulis
549 2573 573 2622 in
600 2579 745 2622 contextum
769 2586 820 2623 non
848 2570 942 2636 semel,
969 2570 1015 2622 sed
1040 2571 1147 2622 diversis

126 2654 286 2721 temporibus
305 2672 339 2708 ex
355 2657 514 2710 librariorum
532 2659 689 2727 negligentia
704 2659 806 2711 tandem
818 2658 906 2711 relata.
937 2658 1051 2726 Apparet
1062 2667 1147 2710 autem

127 2757 160 2793 ex
180 2756 211 2793 eo
229 2746 334 2809 veritas,
352 2746 420 2814 qued
439 2761 505 2815 quae
524 2755 582 2798 sunt
600 2749 772 2800 vetustissima
792 2747 955 2814 exemplaria,
976 2761 1005 2797 ea
1022 2747 1146 2812 paucissi-

126 2845 182 2880 mas
199 2831 242 2882 vel
260 2831 341 2884 nullas
360 2833 484 2884 eiusmodi
502 2834 637 2885 summulas
657 2835 763 2885 insertas
782 2833 892 2898 babent,
919 2833 987 2902 quod
1010 2832 1085 2884 laoile
1104 2834 1147 2884 vi-

126 2919 203 2970 detur
221 2935 253 2971 ex
266 2919 410 2972 Veronensi.
425 2923 492 2986 cod,
511 2938 586 2991 quem
605 2938 655 2991 ego
674 2937 723 2974 non
739 2921 815 2973 modu
830 2931 888 2972 ante
902 2928 1045 2988 nongentos
1058 2933 1147 2983 annos,

126 3005 174 3056 sed
193 3015 253 3058 aute
272 3007 339 3058 mille
355 3010 476 3076 scriptum
496 3025 552 3060 esse
571 3010 753 3061 contenderim.
790 3009 816 3060 ln
836 3025 867 3060 eo
886 3009 946 3060 nibil
972 3008 1023 3059 tale
1044 3014 1149 3075 apparet

127 3103 155 3145 et
179 3095 205 3144 in
232 3103 330 3160 septem
355 3095 409 3146 aliis
429 3096 554 3148 Vaticanis
579 3098 669 3148 desunt
687 3099 779 3148 omnia.
816 3097 957 3148 Summulas
975 3105 1059 3147 autern
1078 3109 1147 3146 mar-

125 3181 227 3251 ginales
245 3181 325 3232 luisse
343 3192 370 3234 et
388 3199 420 3234 es
440 3183 559 3250 Cypriani
577 3183 664 3236 uerbis
682 3185 805 3238 collectas
828 3195 878 3237 tem
903 3193 942 3236 est
967 3186 1047 3236 cuivis
1072 3180 1147 3234 facile

125 3268 289 3336 intelligere,
313 3277 340 3320 ut
359 3269 525 3322 tardissimum
544 3287 574 3322 ao
592 3286 661 3338 pene
680 3273 790 3338 stipitem
810 3280 911 3338 putem,
936 3273 1079 3340 quistatim
1097 3285 1148 3322 nou

126 3357 220 3406 sentiat
238 3354 281 3406 vel
301 3371 333 3408 ex
351 3371 381 3407 ea
399 3365 494 3408 tantum
518 3357 658 3423 summula,
686 3375 760 3428 quarn
781 3359 887 3412 Hosium
907 3359 1066 3412 cardinalem
1091 3375 1147 3410 arn-

124 3442 267 3510 plissimum
286 3461 318 3496 ex
336 3447 504 3512 manuscripto
524 3447 614 3498 codice
636 3449 813 3501 interseruisse
839 3449 984 3512 confirmet,
1010 3446 1147 3499 uidelicet:

107 3533 181 3583 ·lls'e
198 3535 278 3584 Petro
296 3536 428 3600 privamus
446 3536 533 3586 datur.
568 3531 642 3595 Quod
662 3537 726 3586 enim
746 3551 779 3586 ex
797 3533 916 3602 Cypriani
933 3536 1019 3587 verbis
1041 3535 1148 3602 diligens
1193 3519 1196 3529 ¹

128 3626 155 3670 et
171 3618 298 3670 studiosus
316 3618 397 3671 lector
416 3619 565 3687 collegerat,
584 3621 616 3672 ad
634 3620 718 3674 locum
737 3625 822 3674 statim
842 3622 992 3692 lacilinsque
1011 3625 1147 3674 invenien-

128 3704 187 3756 dum
205 3705 231 3755 id
250 3707 276 3755 in
294 3707 409 3774 margine
428 3710 517 3774 paucis
531 3708 615 3760 verbis
629 3709 771 3776 adnotarat,
790 3719 817 3762 ut
830 3709 937 3762 sortasse
949 3711 1025 3762 etiarn
1038 3709 1147 3762 indicem

130 3806 218 3844 eorum
243 3791 368 3862 tamqua'm
394 3797 500 3863 capitum
527 3804 552 3846 et
576 3797 690 3850 locorum
716 3801 883 3850 communium
908 3805 1013 3850 texeret.
1052 3795 1147 3860 Quare,

128 3886 157 3928 nt
175 3878 290 3932 codicum
310 3881 384 3936 fidem
403 3899 567 3952 sequeremur
584 3889 751 3938 vetustiorum
770 3895 795 3937 et
813 3886 929 3953 plurium,
947 3885 1052 3938 indicari
1066 3899 1146 3951 opor-

129 3973 210 4018 tuerat
234 3975 331 4020 tantum
357 3986 402 4034 ea,
430 3986 495 4039 quae
520 3973 546 4020 in
573 3974 759 4026 recentioribus
784 3982 887 4042 reperta
912 3981 998 4038 erant,
1026 3972 1073 4024 sed
1096 3987 1147 4022 nou

129 4055 213 4106 statim
231 4055 258 4104 in
277 4053 396 4125 Cypriani
414 4067 560 4113 contextum
578 4059 694 4114 referri.“
732 4060 850 4116 Ceterum
869 4063 903 4116 de
924 4061 973 4118 boc
998 4061 1056 4118 loco
1081 4058 1145 4114 sub·
