2872 4806
793 421 839 486 ’16

314 576 1326 668 samma-rmuttemfflmgmer

311 695 733 762 mimirum

784 894 849 964 xl.

395 1036 1330 1122 ouenndetornentisporectqnperornennsn-

310 1157 432 1234 peratue
462 1159 525 1231 eet,
554 1155 779 1216 excusationem
809 1153 924 1217 cloloris
952 1153 1118 1217 nebulum
1146 1155 1198 1236 qui
1231 1156 1331 1217 victus

282 1267 357 1326 ⁵eet
384 1264 415 1328 in
444 1264 577 1330 dolore?
627 1265 729 1328 Poteet
756 1285 869 1349 rogere
899 1267 968 1329 talis
997 1273 1027 1328 et
1056 1266 1175 1330 dicere:
1205 1266 1332 1330 Certum

310 1376 429 1458 quiden
450 1375 569 1440 ionitcr
589 1377 690 1456 volui,
720 1385 751 1441 et
775 1380 955 1442 ammenti
975 1377 1074 1456 Μ’)
1095 1398 1212 1443 umor
1230 1380 1332 1443 ‹levo-

310 1491 401 1556 tionie
422 1509 459 1554 ac
480 1490 551 1554 idei
572 1509 656 1554 arm
676 1493 816 1573 suscepi,
846 1491 902 1556 sed
931 1512 980 1555 rne
1009 1496 1040 1556 in
1069 1492 1332 1579 congressione&

309 1611 491 1690 pugnantem
519 1607 718 1668 cruciamenta
741 1607 824 1668 rer-ia
847 1615 878 1669 et
900 1607 1045 1689 supplicia
1067 1608 1161 1694 longa
1182 1611 1332 1672 vicerunt
1423 1625 1424 1632 ¹

311 1719 398 1785 Stetit
418 1737 504 1784 urens
526 1720 638 1785 sanun
666 1726 697 1782 et
723 1719 798 1782 linea
828 1720 934 1800 ionis,
966 1729 996 1784 ct
1024 1741 1091 1784 cunr
1120 1723 1333 1804 torquentibus

275 1835 420 1917 ¹⁰poenie
450 1833 598 1896 inruobitie
627 1832 679 1896 lin
703 1834 800 1896 anima
821 1833 930 1897 luctatu
953 1842 1009 1898 eet
1055 1835 1114 1900 Sed
1137 1856 1204 1899 cunr
1228 1836 1334 1914 duris-

310 1946 423 2028 simi⁴)
452 1947 560 2011 iudicis
586 1946 823 2012 recrudescente
844 1949 970 2012 saevitia
993 1951 1051 2012 iam
1074 1951 1230 2034 fatigatum
1251 1969 1334 2014 nuuc

309 2197 397 2242 mur
415 2193 441 2242 tu
460 2205 502 2260 ep.
514 2189 574 2244 tit
593 2207 618 2259 p.
636 2207 659 2243 c.
690 2193 743 2244 rtet
760 2205 813 2242 non
830 2191 909 2243 tato
921 2191 969 2243 tte
1005 2193 1052 2256 tt)
1068 2192 1118 2258 lta,
1135 2201 1163 2244 ut
1180 2193 1240 2244 elit
1258 2201 1335 2257 vett,

310 2276 405 2332 xxvii
424 2278 500 2332 codd.
519 2281 616 2348 antiqui
634 2277 765 2332 aBaluaio
784 2278 891 2343 laudati,
908 2281 934 2330 iu
949 2277 1041 2348 quibus
1053 2287 1092 2330 eet
1103 2279 1163 2332 Ver.
1176 2288 1203 2333 et
1215 2279 1334 2350 Segur'er.
1423 2313 1424 2316 =

311 2364 446 2418 Accedunt
462 2381 552 2419 omnen
564 2366 619 2418 vat.
638 2375 665 2418 et
683 2369 733 2438 mei
751 2375 860 2434 excepto
872 2366 905 2431 A,
925 2368 950 2417 iu
969 2382 1031 2435 quo,
1049 2375 1076 2417 ut
1093 2370 1119 2418 iu
1136 2368 1218 2420 tribue
1235 2366 1335 2431 Dalue,

310 2452 404 2522 tegitur
420 2463 556 2508 omnent.
591 2451 712 2504 iimmot
731 2455 867 2520 scripserat
889 2462 1002 2505 centurn
1020 2463 1104 2516 nent,
1123 2470 1232 2522 eumque
1250 2455 1334 2506 secuti

311 2551 370 2596 tout
387 2541 502 2606 Durior,
521 2543 564 2610 qui
581 2551 707 2594 venerem
722 2543 748 2592 in
766 2557 817 2610 mg.
836 2539 938 2604 adiecit,
957 2539 1050 2591 linunt.
1069 2539 1164 2594 Paruel.
1183 2541 1239 2610 lug.
1252 2539 1335 2594 Oxou.

313 2627 375 2682 Turn
393 2634 489 2701 praete
506 2627 552 2681 Da.
587 2627 688 2681 Deinde
705 2633 734 2682 le
752 2632 942 2682 lectatioeilue
960 2625 998 2678 Db
1017 2636 1044 2679 ct
1061 2637 1180 2697 quattuor
1196 2637 1259 2680 vett.
1277 2627 1337 2679 libri

315 2715 669 2784 ap.8e1ue.‚atiuaniuem
686 2723 716 2771 le
732 2721 928 2772 luctaminibus.
958 2759 963 2766 .
1290 2715 1294 2722 ’

384 2804 426 2858 xl.
456 2804 484 2874 1)
509 2808 610 2872 Qiroeri
627 2805 667 2858 W.
704 2803 797 2856 Deleri
820 2815 920 2873 puteat,
944 2805 1013 2874 quod
1036 2805 1106 2873 vulg.
1128 2813 1187 2857 ante
1211 2823 1335 2860 excaea-

314 2895 410 2948 etonem
434 2893 615 2961 interponitnr3
643 2893 715 2945 nbeet
741 2895 809 2944 enirn
827 2908 841 2943 a
861 2892 937 2944 codd.
956 2893 996 2944 W.
1016 2892 1072 2946 Hac
1091 2901 1117 2944 et
1136 2892 1167 2945 Α.
1207 2893 1235 2944 ln
1253 2891 1296 2944 tib
1315 2909 1336 2944 r.

312 2997 347 3033 nr.
367 2981 555 3048 superscripsit,
574 2978 611 3031 Ba
630 2988 657 3031 et
669 2981 710 3032 tid
729 2997 752 3033 c.
771 2980 830 3032 edd.
849 2980 942 3032 Menut.
960 2981 1171 3033 antecedentibus
1188 2981 1284 3034 habent
1303 2993 1336 3046 et,

313 3078 400 3140 potcel
418 3072 553 3123 obtendere
567 3069 605 3121 iic*
624 3077 651 3120 et
669 3077 722 3121 trec
738 3067 831 3136 Neep.‚
849 3068 917 3119 unde
937 3070 998 3119 satie
1015 3075 1121 3135 apparet
1139 3068 1337 3120 additamentum

314 3156 384 3208 irtud
402 3171 501 3208 merum
518 3171 576 3208 eree
594 3155 730 3225 plectente.
767 3154 830 3207 Tum
848 3158 1037 3210 excaeatlom'r
1054 3158 1169 3208 lotorem
1187 3145 1270 3207 est'in
1287 3153 1336 3206 Bb.

315 3245 381 3298 Dein
400 3248 540 3316 optendunt
564 3245 625 3296 dent
641 3244 675 3294 W
693 3251 719 3295 et
736 3243 794 3307 tib,
816 3247 953 3298 ostendere
969 3240 1008 3294 Bb
1027 3258 1050 3294 c.
1068 3241 1099 3293 h
1135 3240 1183 3293 Pro
1197 3245 1339 3322 indolere

315 3334 373 3386 cori.
386 3331 554 3385 Lemonianue
573 3331 676 3384 exhibet
691 3349 741 3402 per
758 3333 882 3385 lotorem.
919 3332 949 3400 2)
968 3334 1021 3384 mei
1038 3345 1087 3382 om.
1106 3329 1148 3381 tic
1167 3338 1193 3381 et
1210 3344 1270 3381 mox
1286 3333 1337 3384 ‹le-

314 3419 431 3476 c'otionle
450 3419 498 3472 Bb.
543 3419 571 3486 3)
589 3424 619 3474 in
644 3423 828 3474 colluctatione
851 3418 939 3471 ecribit
963 3418 1020 3470 cod.
1039 3416 1171 3468 Forensis.
1207 3415 1338 3484 Deinceps

314 3517 446 3580 papnunte
469 3509 571 3576 irrepsit
595 3509 620 3559 in
645 3507 677 3560 W
701 3517 727 3559 et
751 3507 798 3558 iia.
844 3506 873 3576 4)
897 3505 1112 3570 liriecimiiid,
1140 3507 1280 3560 eeclesiam·
1305 3505 1335 3559 ὰ

316 3593 419 3662 Syllaba
442 3612 472 3649 re
495 3612 519 3647 v.
539 3599 740 3650 recraleecente
764 3609 836 3647 erana
859 3595 885 3645 in
908 3593 965 3660 Mb,
988 3597 1166 3664 repuleecenle
1189 3589 1266 3642 habet
1289 3590 1338 3643 Bb.

602 3687 656 3737 iam
673 3686 779 3737 laecum

317 3753 433 3808 Proxime
444 3757 499 3808 ianr
510 3757 651 3826 falipaturn
708 3771 779 3807 erano
798 3754 937 3821 (euperecr.
955 3754 1009 3804 iam
1027 3754 1133 3805 loceron
1151 3748 1182 3800 ab
1196 3765 1216 3800 r.
1229 3747 1273 3800 illa
1291 3747 1339 3816 ω’.)

317 3841 377 3908 Mb,
396 3846 450 3897 iarn
465 3847 606 3915 {atipatom
622 3845 677 3895 iam
695 3844 802 3896 lorcam
819 3858 891 3894 nanc
908 3842 1021 3910 [repella
1040 3837 1070 3889 Α.
1107 3837 1184 3888 Vncc.
1203 3839 1257 3888 iam
1275 3838 1337 3888 loe-

318 3947 388 3996 enm,
408 3947 473 3999 quoe
491 3928 608 3982 Bulnuiue
625 3929 721 3998 reperit
739 3930 815 3983 ctiam
832 3930 859 3980 in
877 3919 935 3981 cod.
954 3924 1089 3992 Beccenei,
1106 3938 1241 3995 perperam
1259 3937 1338 3974 rece-

317 4026 418 4091 perunt.
437 4017 532 4072 Morell.
551 4015 644 4072 Pamel.
662 4017 754 4090 Rigalt.
768 4014 847 4076 Oxou.
889 4015 955 4070 etv.
970 4018 1056 4071 alluo
1073 4011 1246 4084 praebuerunt
1263 4007 1338 4063 codd.
