2874 4806
588 429 650 494 121

122 585 215 668 pidius
238 584 397 667 adpetere,
427 587 497 669 quid
525 587 620 670 magis
643 587 722 652 vella
745 606 780 650 ac
801 593 906 654 tenera
927 605 983 654 nos
1000 585 1027 668 ³)
1051 607 1129 654 con-

122 699 209 776 venit,
232 717 317 778 quarn
341 706 373 762 ut
395 698 543 762 radicibus
568 698 672 791 lortius
695 700 772 779 fixis,
797 707 826 763 et
848 701 999 765 domiciliis
1016 705 1129 767 nostris

120 829 209 893 super
231 819 345 894 petram
366 812 487 874 robusta
511 813 588 874 mole
611 813 763 891 solidatis,
793 814 964 878 inconcussi
995 816 1030 879 ad
1053 835 1129 898 pro-

120 925 206 988 cellas
238 931 266 986 ct
296 925 428 988 turbines
459 924 554 988 seculi
585 931 710 1006 sternas,
742 933 774 988 ut
801 927 838 990 ad
861 926 909 990 dei
932 948 1053 992 munera
1075 949 1130 1012 per

96 1037 215 1102 odivina
239 1045 400 1122 praecepta
423 1039 584 1118 veniamus,
609 1039 835 1103 considerantes
851 1044 962 1124 pariter
977 1061 1012 1105 ac
1027 1044 1130 1106 scicn-

119 1157 162 1214 tes
185 1151 266 1234 quod
289 1151 396 1232 templa
420 1151 468 1214 dei
489 1155 548 1215 sint
570 1153 700 1216 menrbra
724 1161 840 1234 nostra,
874 1156 911 1218 ob
942 1157 1024 1218 omni
1045 1157 1130 1220 faece

118 1265 303 1348 contagionis
329 1264 466 1346 antiquae
488 1264 598 1326 lavacri
620 1265 714 1328 vitalis
738 1267 968 1331 sanctificatione
992 1277 1128 1351 purgata,

117 1396 171 1441 nec
193 1377 299 1442 violari
322 1394 358 1439 ea
381 1383 431 1439 aut
452 1377 544 1458 pollui
568 1377 612 1441 las
642 1380 697 1458 sit,
729 1379 846 1460 quando
879 1383 929 1461 qui
958 1383 1067 1462 violat,
1099 1389 1129 1446 et

116 1491 178 1572 ipse
201 1491 337 1554 violetur.
383 1491 492 1554 Eorum
516 1510 572 1555 nos
589 1489 616 1570 4)
640 1493 815 1575 templorum
838 1495 968 1566 cultores
992 1503 1022 1559 et
1048 1498 1128 1560 anti-

84 1607 196 1670 ostites
220 1623 330 1670 sumus
377 1606 546 1670 Serviamus
569 1606 619 1684 illi,
643 1607 726 1670 cuius
751 1624 820 1670 esse
843 1606 943 1688 iarn‚⁵)
965 1611 1127 1694 coepimus.

113 1720 215 1785 Paulus
239 1721 269 1782 in
292 1720 424 1802 epistolis
440 1715 467 1798 6)
495 1721 556 1782 suis
587 1720 672 1800 dicit,
705 1722 810 1802 quibus
841 1739 897 1784 nos
921 1723 956 1786 ad
980 1724 1127 1787 curricula

113 1837 229 1900 vivendi
266 1854 321 1917 per
353 1835 451 1899 divina
481 1837 650 1920 magisteria
675 1837 826 1901 formavit:
861 1839 932 1903 Non
963 1841 1038 1902 estis
1071 1857 1125 1902 ca-

112 1951 167 2014 stri
184 1945 228 2030 7),·
260 1953 351 2031 empti
374 1951 455 2014 enim
477 1952 552 2013 estis
573 1971 693 2032 maqno.
736 1953 918 2032 Clurificote
937 1949 965 2032 8)
993 1963 1023 2016 et
1047 1973 1124 2034 por-

116 2105 163 2114 ----
170 2105 184 2114 ω
194 2107 318 2117 ...ο-...μη-

177 2181 206 2248 3]
230 2197 281 2234 nos
299 2195 348 2232 om.
367 2177 406 2229 W.
443 2178 470 2230 ln
489 2195 559 2248 seqq.
581 2179 686 2232 Amaia
708 2181 796 2234 scribit
819 2187 910 2250 (tuus,
936 2185 1027 2235 eciam.
1062 2179 1125 2232 Turn

112 2274 211 2325 nostris
238 2284 253 2319 a
279 2283 344 2321 corr.
369 2283 402 2319 nr.
428 2284 504 2335 supra
526 2269 653 2321 adiectum
676 2272 702 2320 iu
726 2269 765 2322 W.
807 2270 896 2322 Statim
921 2279 1126 2340 supranotatum

113 2359 184 2410 oliert
196 2358 228 2410 Α.
258 2356 338 2408 Panlo
356 2365 415 2424 post
433 2359 467 2410 cd
483 2361 662 2426 procellarum
679 2362 798 2412 turbines
811 2358 860 2411 bib.
895 2357 964 2410 ldaur
979 2367 1003 2410 at
1022 2372 1067 2424 pro
1086 2366 1125 2421 ut.

113 2447 177 2514 quod
196 2447 237 2499 W.
258 2445 297 2498 lla
316 2454 342 2496 ct
360 2443 380 2496 B
400 2447 533 2509 omittunt,
558 2445 597 2496 blo
622 2455 707 2498 autom
734 2461 747 2498 a
766 2463 787 2498 r.
805 2463 838 2499 ru.
857 2447 944 2499 babet.
979 2445 1125 2500 [actionem

113 2538 143 2588 od
167 2538 209 2588 dei
230 2551 341 2588 morcaro
369 2532 518 2584 confirmant
544 2533 617 2586 codd.
635 2536 715 2586 nostri
742 2549 830 2586 ornnes
855 2543 881 2586 et
899 2541 1018 2604 quattuor
1035 2533 1125 2599 ltalicl,

113 2625 143 2675 od
160 2624 260 2676 domini
277 2639 311 2672 m.
330 2620 407 2672 habet
426 2620 496 2686 Ver,
516 2626 550 2675 ad
568 2625 672 2676 ebriati
688 2642 722 2675 m.
742 2623 803 2674 dant
815 2621 907 2675 Manui.
927 2639 950 2674 c.
969 2621 1026 2674 add.
1046 2636 1125 2690 prae·

113 2710 267 2774 cedentibus,
287 2712 347 2761 item
360 2708 453 2762 Pamel.
466 2708 557 2778 Rigalt.
572 2708 651 2762 Oxon.
682 2709 740 2762 blox
754 2713 953 2765 consideramus
966 2709 996 2762 A.
1028 2708 1126 2761 Deinde

112 2802 163 2853 rint
181 2812 247 2849 corr.
267 2798 351 2848 manui
370 2795 447 2848 debet
460 2796 502 2859 W,
522 2806 585 2850 solat
603 2796 689 2848 scribit
702 2800 731 2849 Α.
768 2795 816 2847 Pro
835 2796 1007 2850 membrulis
1025 2813 1040 2848 a
1058 2812 1078 2849 r.
1092 2812 1124 2848 m.

112 2889 133 2938 in
157 2903 206 2955 mg.
226 2886 304 2937 babet
327 2901 445 2938 munna.
482 2883 598 2935 Proxime
625 2888 792 2954 coqitationis
811 2889 914 2954 antique
932 2884 973 2935 ed.
993 2882 1124 2948 Darentr,

112 2979 209 3044 antiqui
233 2972 264 3026 A.
309 2971 410 3024 Excidit
433 2975 526 3044 vitalis
552 2975 576 3022 in
602 2971 650 3024 bia.
695 2971 756 3023 Turn
782 2989 830 3026 nec
853 2975 938 3041 pollui
960 2970 1068 3040 praebet
1093 2969 1125 3022 A.

112 3063 165 3115 llox
188 3073 212 3116 at
237 3070 295 3114 autc
318 3065 378 3130 ipsc
402 3064 516 3114 violatur
538 3061 608 3112 idem
634 3059 700 3111 liber
727 3076 776 3111 orn.
823 3059 851 3124 l)
872 3061 976 3112 Etenim
999 3073 1051 3110 nos
1076 3056 1123 3108 Mc.

111 3149 170 3204 Dein
201 3156 339 3204 antestatus
369 3147 417 3210 lla.
470 3147 498 3212 5)
530 3151 602 3201 illico
632 3165 692 3201 esse
723 3150 777 3200 ium
804 3145 841 3210 A,
871 3150 924 3198 ium
954 3162 1014 3200 assa
1039 3143 1123 3196 Mbcd.
1211 3201 1213 3211 Ι

110 3240 136 3300 6)
161 3241 285 3308 epistulis
311 3235 350 3287 lla
378 3244 404 3287 et
430 3252 467 3303 pr.
492 3234 541 3286 blb.
595 3233 653 3285 blox
681 3237 756 3302 porris
788 3244 811 3286 ct
842 3237 905 3286 dicit
932 3234 970 3285 ed.
1001 3229 1124 3285 flaventr.

110 3324 167 3378 Post
200 3329 296 3396 quibus
330 3341 381 3377 nos
411 3321 450 3374 W.
481 3321 528 3374 bia.
559 3320 578 3372 B
612 3331 637 3372 et
670 3329 722 3372 tres
764 3322 860 3389 antiqui
890 3319 1021 3371 Baluziani
1058 3320 1124 3370 male

110 3413 202 3467 addunt
238 3415 438 3475 successimus,
477 3413 502 3462 iu
534 3409 574 3461 Mb
608 3409 718 3461 deletum
753 3417 791 3460 est
825 3413 1007 3463 sracccssibus.
1065 3405 1124 3459 vid.

111 3503 132 3553 l.
151 3501 207 3554 Cor.
232 3501 264 3566 3,
293 3499 413 3551 16-17.
475 3499 505 3567 t)
532 3502 620 3552 nostri
644 3498 673 3548 Α.
719 3496 788 3548 ldem
820 3496 884 3548 liber
910 3503 937 3547 et
961 3495 1020 3548 Ver.
1047 3493 1124 3561 [testa

13 3645 14 3648 Ἴ
110 3587 229 3658 Rigaltio)
249 3605 298 3640 om.
318 3591 395 3642 araim.
432 3587 496 3638 Dein
516 3585 588 3636 ttbcd
608 3584 729 3637 exhibant
745 3587 853 3652 praecio
876 3601 984 3654 moqno,
1009 3582 1046 3647 A,
1072 3581 1122 3634 Pa-

13 3653 14 3722 l
110 3675 194 3727 melius
214 3685 239 3727 et
257 3675 380 3744 Rigaltius
397 3679 486 3743 precio
505 3693 548 3740 aa,
569 3681 621 3725 tres
640 3673 715 3724 codd.
736 3672 788 3724 ltal.
807 3675 891 3742 pretio
910 3689 961 3735 m.,
981 3673 1043 3723 item
1064 3673 1122 3724 edd.

112 3760 187 3816 Oxon.
205 3762 291 3815 Baluz.
311 3760 399 3815 Goldh.
436 3761 540 3814 lnvcrso
566 3762 655 3813 ordine
674 3759 714 3811 lla
739 3778 833 3831 moqno
848 3763 920 3833 filio,
945 3757 965 3808 B
990 3776 1011 3812 c.
1031 3762 1123 3812 ceteris

112 3850 199 3916 editis,
223 3853 244 3902 si
269 3853 380 3918 excipias
399 3849 587 3915 Manutiauurn,
612 3867 645 3902 an.
663 3852 762 3920 precio.
800 3847 850 3900 Sed
868 3864 892 3899 v.
906 3852 996 3915 pratia
1016 3864 1030 3898 a
1049 3849 1122 3901 codd·

113 3935 169 3990 Ver.
194 3946 220 3990 at
238 3937 285 4003 W,
309 3954 358 3990 uec
383 3953 434 3990 nou
460 3937 492 3990 ab
519 3936 559 3988 cd.
585 3935 678 3988 Manat.
704 3937 794 3986 merito
818 3934 905 3998 abast;
931 3933 1032 3986 redolet
1057 3937 1123 3988 enitn

113 4037 203 4078 meram
222 4024 346 4094 glossam,
371 4041 436 4096 quaa
459 4041 490 4077 ex
508 4041 557 4094 mg.
576 4025 603 4076 iu
621 4031 717 4076 textum
735 4024 842 4093 irrepsit.
879 4021 907 4092 8)
928 4024 1076 4094 odorificata
1096 4031 1123 4075 et
