2894 4804
816 449 882 520 llo

340 613 461 676 sincera
494 617 563 675 eunt
592 611 766 692 polluuntur
796 610 933 676 calanum
962 607 1113 676 adulteriis
1135 617 1165 675 et
1185 609 1351 676 medicani-

342 745 413 792 num
428 775 430 788 .
447 724 523 789 lucis
554 726 586 790 in
620 725 806 788 mendacium
840 742 913 788 vera
945 725 1118 789 mutantur?
1172 725 1312 790 Dominus
1326 723 1350 804 ²)

340 845 408 902 tuus
431 838 501 900 dicit
517 835 560 916 ³):
593 838 664 903 Nau
687 846 777 920 potae
798 836 906 915 facere
928 838 1073 917 capillum
1087 835 1115 914 ⁴)
1144 857 1238 902 unum
1258 839 1353 904 allum

341 959 395 1016 aut
423 952 553 1032 uturum.
596 950 634 1014 Et
665 959 696 1012 tu
725 949 763 1014 ad
792 949 968 1044 vincendam
998 949 1109 1014 domini
1126 948 1153 1029 ⁵)
1183 952 1226 1015 tui
1254 969 1352 1016 vocem

315 1066 387 1130 uvis
411 1071 441 1128 te
465 1082 534 1128 esse
557 1065 732 1147 potiorem?
783 1064 898 1129 Audaci
926 1073 1036 1130 conatu
1059 1071 1089 1127 et
1111 1067 1261 1149 sacrilego
1283 1084 1353 1129 can·

343 1184 455 1260 templu
487 1179 587 1240 crines
599 1174 628 1258 ⁶)
659 1187 727 1242 tuos
758 1179 869 1259 iniicis,
900 1179 978 1242 malo
1007 1181 1166 1262 praesagia
1197 1179 1354 1244 futurarum

342 1292 465 1374 capillos
488 1293 545 1354 iam
568 1293 619 1356 tibi
642 1291 794 1356 flammeas
818 1293 980 1374 auspicaris
1003 1301 1033 1356 et
1055 1312 1174 1376 peccas,
1197 1295 1354 1376 pruneius,

344 1408 451 1490 capite,
473 1406 503 1468 id
526 1413 573 1469 est
595 1408 731 1488 corporis
752 1414 837 1490 parte
860 1391 992 1470 meliore.
1031 1407 1067 1470 Et
1080 1401 1106 1485 7)
1132 1427 1199 1472 cum
1222 1410 1355 1491 scriptum

344 1522 382 1584 sit
397 1520 435 1583 de
450 1519 570 1584 damino
583 1515 626 1598 ⁸):
653 1521 754 1602 Capul
775 1529 878 1584 autam
900 1523 968 1586 ciue
987 1529 1018 1585 et
1031 1523 1138 1602 capilli
1153 1531 1248 1586 eraut
1261 1523 1322 1585 allai
1331 1519 1354 1600 9)

297 1635 428 1704 ‚auaelut
455 1635 531 1696 lana
560 1640 616 1695 aut
643 1635 719 1711 aia,
746 1640 787 1696 tu
819 1635 989 1698 exsecraris
1023 1635 1177 1715 canitiem,
1211 1634 1356 1700 detestaris

346 1748 495 1828 alborem,
524 1749 575 1830 qui
606 1748 644 1810 sit
674 1747 712 1811 ad
741 1746 852 1812 domini
884 1754 972 1831 caput
1000 1749 1112 1812 similis.
1158 1749 1230 1813 Nan
1250 1749 1356 1828 metatu,

348 1881 414 1942 cro,
437 1881 513 1943 quae
528 1856 565 1940 ¹⁰)
586 1860 651 1924 talis
674 1880 717 1941 es,
740 1880 790 1940 nc,
813 1879 880 1925 cum
901 1864 1136 1926 resurrectionis
1159 1862 1226 1926 dies
1242 1864 1357 1940 venerit,

350 2013 557 2026 ——----..—..

350 2094 408 2147 illan
423 2103 449 2146 ct
462 2094 521 2148 edd.
533 2095 672 2148 Mancinum
686 2097 870 2149 antecedentes
888 2113 928 2165 ap.
948 2096 1120 2166 Angustia.
1141 2101 1192 2150 cal.
1207 2100 1355 2152 adulterinis

350 2187 425 2249 mad,
444 2181 464 2234 B
478 2186 538 2235 etA
552 2201 601 2237 om.
614 2189 753 2239 adulteriis
772 2196 815 2254 ata
824 2186 884 2237 item
902 2195 926 2238 et
938 2184 978 2238 Fr.
991 2184 1072 2236 Emm.
1087 2184 1110 2236 1.
1122 2193 1276 2254 veteresque
1295 2183 1354 2247 cdd,

350 2271 441 2339 quibua
459 2272 584 2324 accedant
601 2271 690 2324 Remb.
709 2271 808 2324 Erasm.
827 2270 903 2327 Grav.
921 2270 1034 2334 llorell.;
1059 2282 1083 2324 et
1103 2274 1262 2326 adulterinis
1278 2273 1355 2324 medi-

352 2363 484 2414 caminum
500 2364 574 2430 (acie
593 2359 659 2412 male
678 2360 799 2412 exhibent
816 2359 901 2412 Belua.
921 2367 946 2410 et
965 2356 1070 2422 Goldh.;
1095 2369 1119 2412 at
1136 2363 1204 2413 med.
1222 2364 1276 2429 suc.
1294 2365 1357 2410 recte

351 2445 444 2499 Munut.
463 2445 557 2500 Pamel.
575 2447 667 2516 Rigalt.
688 2445 734 2499 Ox.
756 2477 787 2488 -
805 2452 879 2515 facie
899 2449 925 2498 in
937 2445 978 2499 Mb
999 2455 1142 2499 correctum
1160 2452 1271 2518 asaele.
1302 2445 1358 2496 Dein

350 2544 484 2588 iaculamur
495 2533 572 2585 habet
583 2532 625 2586 Fr.
638 2532 719 2586 Emm.
733 2533 757 2587 1.
793 2534 822 2602 2)
836 2537 909 2588 Daue
922 2533 953 2585 Α.
987 2533 1017 2601 3)
1032 2532 1116 2586 Matth.
1128 2534 1155 2599 5,
1167 2533 1210 2588 36.
1246 2535 1275 2599 4)
1288 2533 1358 2584 Daeet

351 2625 478 2691 capillum
501 2623 527 2672 in
545 2620 575 2672 Α.
620 2621 648 2690 5)
667 2626 709 2676 dei
726 2621 755 2672 B.
793 2621 855 2672 Tum
873 2639 934 2675 caea
952 2632 976 2674 te
994 2620 1047 2685 lllc,
1073 2639 1133 2676 aeae
1152 2638 1203 2674 om.
1225 2623 1257 2675 W
1275 2632 1300 2676 et
1315 2621 1357 2683 lla,

351 2790 374 2833 te
384 2782 513 2848 pallorem
525 2796 585 2832 caea
598 2780 640 2831 dat
659 2780 715 2832 cod.
729 2779 830 2832 Windh.
844 2796 884 2848 ap.
897 2778 1075 2850 Angustia.
1110 2780 1141 2848 6)
1154 2727 1243 2834 aulai:
1260 2782 1317 2846 (atae
1332 2777 1358 2829 ab

352 2866 385 2918 al.
405 2883 437 2916 m.
456 2868 597 2935 supersum)
615 2867 655 2918 W.
701 2868 767 2920 Dein
787 2872 859 2922 mala
875 2871 907 2922 A.
952 2867 1010 2919 lllcx
1029 2871 1076 2922 tili
1099 2873 1154 2942 ium
1177 2866 1221 2920 Fr.
1246 2867 1322 2920 Emm.
1339 2864 1358 2915 1·

351 2953 421 3005 ldem
438 2963 547 3021 peclaaae
573 2953 635 3006 Tum
653 2973 702 3025 pra
720 2961 796 3024 nesae
810 2955 849 3007 W.
859 2953 942 3007 Mabd.
960 2953 990 3006 B.
1011 2954 1033 3006 Α
1052 2963 1079 3007 et
1098 2952 1141 3009 Fr.
1160 2953 1243 3008 Emm.
1258 2956 1289 3020 1,
1307 2956 1358 3004 itan

352 3077 410 3129 edd.
435 3076 527 3129 Manat.
552 3075 648 3129 llorell.
671 3077 739 3132 Pam.
763 3077 819 3146 Rig.
848 3076 910 3140 Ox‚;
936 3047 1015 3148 (aaa,⁸
1039 3077 1154 3148 caephae]
1182 3078 1356 3145 parentheaeoa

352 3164 431 3232 signis
450 3181 464 3216 a
484 3181 504 3214 r.
523 3181 555 3214 m.
576 3164 666 3217 additis
685 3174 711 3216 et
728 3167 902 3234 superscripto
921 3173 938 3222 la
956 3166 1012 3232 lllc,
1038 3170 1105 3235 pratu
1131 3169 1209 3237 nesae
1229 3164 1286 3217 edd.
1307 3169 1360 3216 vett.

354 3269 375 3304 c.
388 3251 476 3304 Remb.
489 3251 587 3303 Erasm.
601 3249 675 3304 Grau.
689 3251 774 3304 Baluz.
788 3251 876 3305 Galdh.
910 3253 948 3306 cf.
968 3254 1000 3304 ad
1018 3252 1109 3304 librum
1127 3253 1159 3305 de
1178 3252 1242 3321 laps.
1257 3250 1315 3320 Cap.
1326 3247 1359 3299 tt.

354 3355 378 3390 n.
406 3338 428 3389 1.
474 3337 560 3390 Statim
585 3344 613 3393 ia
638 3345 722 3412 capita
745 3339 766 3391 B
791 3349 816 3392 at
843 3342 883 3394 ed.
907 3341 1029 3394 Daventr.
1073 3341 1154 3393 Decet
1180 3344 1265 3409 capite
1288 3340 1311 3388 iu
1333 3335 1358 3387 Α»

354 3427 416 3478 Tum
434 3429 461 3480 id
479 3437 519 3480 eet
536 3443 586 3482 nm.
606 3429 638 3479 W
656 3439 683 3481 et
700 3429 748 3482 Ma.
782 3429 840 3482 Mox
864 3434 969 3485 metiari
994 3431 1037 3481 dat
1055 3428 1102 3482 lic.
1149 3427 1178 3494 7)
1198 3431 1234 3484 El
1252 3444 1300 3480 cm.
1317 3423 1360 3475 lib.

354 3513 421 3564 Dein
439 3524 480 3568 eat
498 3529 545 3582 pro
564 3517 602 3567 eit
614 3514 634 3565 B
647 3523 672 3565 ct
684 3513 725 3566 Fr.
738 3513 819 3569 Emm.
834 3515 857 3567 1.
894 3516 922 3581 8)
936 3517 1017 3584 Apcc.
1032 3516 1056 3581 1,
1078 3515 1117 3567 14.
1153 3515 1182 3580 9)
1196 3517 1249 3569 alli
1260 3530 1307 3565 cm.
1319 3511 1360 3562 lla.

355 3601 417 3652 Tum
436 3613 466 3655 ut
483 3605 545 3654 lanu
563 3602 639 3653 hahet
651 3600 692 3653 Fr.
705 3601 787 3655 Emm.
803 3604 825 3656 1.
863 3602 958 3658 maxa
975 3600 1278 3658 tu--datcetare‘A.
1305 3599 1361 3651 Dein

356 3692 425 3759 quaed
444 3693 481 3742 att
499 3687 555 3740 th
574 3697 600 3742 et
617 3687 651 3753 Β;
676 3693 713 3744 eit
736 3705 751 3740 a
770 3690 810 3742 Md
832 3691 912 3744 abeat
955 3691 1044 3744 Statim
1062 3695 1096 3745 ad
1113 3699 1192 3760 caput
1210 3692 1308 3745 damini
1323 3686 1360 3737 le-

356 3777 424 3844 gitur
435 3777 460 3826 in
473 3774 505 3825 W
517 3784 544 3827 et
555 3774 596 3828 Fr.
610 3774 689 3830 Emm.
704 3776 736 3843 1.,
757 3781 790 3832 ad
808 3788 887 3849 eaput
904 3782 1003 3833 damini
1021 3782 1061 3832 lui
1076 3779 1102 3829 in
1114 3776 1164 3829 Mb.
1201 3777 1248 3846 10)
1266 3778 1309 3846 qul
1325 3772 1360 3824 Fr.

355 3859 436 3912 Emm.
457 3862 480 3914 1.
516 3863 574 3915 lllcx
592 3863 687 3932 ἔερτο
705 3882 735 3919 ee
753 3864 808 3932 lla,
827 3870 885 3921 ciue
903 3865 941 3932 A,
961 3882 1072 3934 uacprc
1091 3864 1181 3919 nella
1201 3873 1226 3918 et
1250 3877 1296 3932 pra
1318 3861 1361 3930 qua

357 3967 419 4002 cum
435 3948 466 4003 A.
510 3949 588 4003 Paula
613 3961 671 4022 post
694 3964 834 4024 cayaaacat
855 3963 879 4010 cl
895 3954 943 4008 illc.
989 3953 1090 4005 Deinde
1109 3956 1256 4010 excludens
1271 3967 1309 4018 pr·
1325 3945 1360 3998 W·

357 4038 429 4094 illico
448 4047 472 4092 et
489 4039 632 4112 increpatae
651 4042 709 4094 Ver.
746 4040 1066 4098 tumultuatum.
1088 4044 1110 4096 1.
