2872 4806
567 407 608 478 i'd

86 570 272 649 venientem,
294 567 324 633 id
348 576 410 652 est,
435 569 472 634 de
495 570 581 634 caclo
605 577 634 634 et
657 590 673 632 a
696 577 782 653 patre
804 569 992 653 venientem,
1022 585 1099 655 quae

83 687 119 748 ab
150 685 316 768 accipiente
345 702 380 746 ac
411 683 588 766 possidente
617 683 713 747 scindi
743 685 863 748 omnino
890 704 952 750 non
974 693 1100 770 poterat,

81 798 135 863 sed
159 805 252 862 totam
274 797 361 860 simut
385 802 415 860 et
437 797 563 861 solidam
586 797 753 860 firmitatem
776 799 1012 880 inseparabiliter
1042 799 1102 863 ob-

81 912 201 975 tinebat
255 910 414 976 Possidere
448 928 509 974 non
540 917 641 994 potest
675 911 878 975 indumentum
911 913 1019 977 Christi
1052 914 1103 995 qui

58 1025 190 1091 ascindit
222 1032 253 1087 et
283 1025 386 1088 dividit
409 1021 437 1103 9)
459 1026 628 1088 ‘ecclesiam
659 1024 776 1089 Christi.
830 1011 944 1090 Contra
973 1026 1103 1108 danique

87 1157 151 1202 oum
167 1137 328 1202 Salomone
346 1135 382 1212 ¹⁰)
406 1137 552 1200 moriente
574 1156 702 1220 ragnum
727 1138 793 1201 eius
816 1144 846 1200 ct
868 1136 995 1219 populus
1018 1139 1104 1202 scin-

86 1251 215 1330 deretur,
238 1250 349 1314 Achias
364 1249 403 1328 ¹¹)
426 1251 573 1331 propbeta
588 1251 768 1313 Hieroboam
791 1252 858 1334 regi
882 1251 989 1314 obvius
1008 1250 1103 1315 factus

83 1366 112 1428 in
143 1383 248 1446 campo
279 1365 308 1426 in
339 1363 496 1426 duodecim
528 1364 676 1428 scissuras
706 1364 913 1428 vestimentum
943 1380 1030 1426 suum
1053 1364 1103 1427 di-

82 1475 170 1539 scidit
186 1473 223 1552 11)
247 1475 350 1538 dicens
367 1471 424 1551 ¹³):
448 1475 538 1538 Saoce
561 1474 616 1536 tihi
635 1476 737 1536 decem
751 1477 916 1554 scissuras,
941 1478 1015 1559 qaia
1029 1477 1104 1542 haec

45 1617 70 1658 ιο
82 1592 159 1653 dicit
171 1590 328 1650 dominas:
351 1587 432 1650 Ecce
446 1587 552 1650 scinde
567 1605 693 1666 rapacia
708 1588 746 1650 dc
760 1608 852 1650 mana
864 1589 1037 1654 Salomonis
1049 1588 1103 1668 Η),

84 1715 112 1766 et
133 1704 215 1768 dabo
238 1703 293 1764 tihi
315 1703 416 1764 decem
438 1709 579 1781 sceptro,
611 1710 640 1762 et
669 1702 730 1764 dno
759 1711 881 1782 sceptra
908 1713 998 1768 erant
1012 1681 1048 1766 ¹ci
1067 1701 1104 1775 ¹⁵)
1128 1747 1133 1760 .

79 1814 209 1899 propter
231 1835 352 1878 sacam
374 1834 471 1876 meam
493 1815 597 1876 David
618 1823 648 1878 et
665 1824 793 1896 propter
808 1817 1001 1882 Hierusalem
1023 1819 1104 1882 cici-

84 1940 194 2008 totera,
224 1950 314 2012 paam
342 1930 437 2009 alepi,
468 1937 502 1990 at
523 1947 639 2007 ponam
661 1949 770 1992 comeo
791 1951 888 1994 meam
910 1934 984 1995 ttttc.
1031 1932 1104 1996 Cum

84 2045 244 2109 duodecim
267 2045 361 2107 trihus
377 2039 413 2118 16)
437 2043 530 2104 Israel
554 2043 771 2123 scinderentur,
795 2045 1002 2110 vestimentum
1019 2065 1103 2110 suum

46 2186 69 2228 ¹5
84 2161 233 2243 propbeta
255 2160 366 2222 Achias
396 2157 520 2220 discidit.
567 2156 606 2222 At
636 2177 711 2220 vero
742 2159 811 2238 quia
840 2159 949 2222 Christi
978 2160 1107 2241 populus

84 2293 147 2336 nou
172 2280 269 2354 potest
290 2272 403 2350 scindi,
436 2273 535 2333 tunica
558 2273 623 2332 eius
646 2291 701 2353 per
724 2279 816 2333 totum
846 2273 958 2335 textilis
991 2279 1020 2334 et
1050 2292 1108 2335 co-

83 2388 216 2450 haerens
239 2386 332 2450 divisa
355 2406 372 2448 a
395 2385 616 2468 possidentibus
641 2405 701 2449 non
726 2393 779 2448 est.
818 2385 982 2466 individua,
1006 2405 1107 2468 oopu-

83 2503 162 2582 lata,
194 2521 311 2567 conexa
331 2495 368 2578 ¹⁷)
391 2500 522 2564 ostendit
545 2501 646 2580 populi
670 2501 780 2580 nostri,
812 2502 863 2580 qui
888 2501 1036 2564 Christum
1058 2501 1110 2563 in-

87 2624 299 2635 ..ῃ-ᾐ-

158 2675 188 2740 9)
216 2677 316 2728 dicidat
345 2673 375 2726 Α.
420 2674 485 2727 Dein
518 2677 620 2729 Christi
649 2690 698 2726 cm.
727 2672 774 2727 Ba.
821 2673 866 2742 to)
892 2679 1042 2730 Soiornoae·
1060 2675 1106 2727 Bb.

87 2761 133 2826 11)
162 2764 261 2816 Achias
286 2778 338 2830 pr.,
363 2761 455 2814 deindo
480 2779 527 2829 per
553 2778 602 2812 ras.
639 2764 706 2815 ,tnta
724 2760 774 2813 hlb.
810 2760 873 2813 'ium
892 2767 1049 2817 Hieroboam
1068 2762 1111 2814 W.

85 2850 152 2902 ttae.
165 2847 212 2914 Ba,
224 2852 360 2902 derchoom
374 2848 447 2902 codd.
462 2849 518 2901 reli.
533 2859 559 2900 et
576 2848 643 2917 vulg.
658 2848 722 2913 libri,
744 2852 889 2904 Gerohoam
900 2847 947 2901 Bb.
985 2849 1031 2914 12)
1049 2854 1111 2904 dis·

85 2940 170 3020 eirpdit
189 2937 250 3002 (sic)
269 2936 324 3000 Hc,
349 2941 444 2991 decidit
467 2938 504 3002 tt,
528 2941 626 2992 scindit
644 2953 698 3004 pn,
718 2937 818 2988 deiude
845 2941 927 2992 scidit
945 2935 1005 3002 Mb,
1031 2939 1114 2992 scidit

85 3046 166 3096 etiam
184 3041 230 3094 tta.
273 3043 319 3112 13)
340 3043 364 3095 3.
383 3043 447 3112 Heg.
469 3043 516 3108 11,
542 3044 582 3094 31.
602 3041 643 3093 32.
664 3042 705 3094 36.
744 3041 788 3106 11)
808 3044 962 3126 Spiomoois
981 3045 1012 3095 dc
1029 3059 1113 3096 mana

85 3148 284 3204 siromasten.
322 3150 367 3216 15)
387 3159 410 3202 ct
428 3152 492 3202 doio
512 3153 558 3202 tibi
571 3152 598 3202 X
617 3149 688 3211 (dein
708 3148 732 3199 in
745 3163 793 3201 ras.
807 3149 918 3212 tribas).
950 3151 1036 3200 Porro
1056 3164 1111 3200 ana

86 3242 176 3292 tribus
200 3241 343 3290 remanebit
369 3241 393 3289 ei
411 3237 459 3288 tto.
492 3235 580 3288 Statim
605 3247 712 3305 propter
732 3237 821 3288 Haeid
844 3253 955 3289 saroam
972 3251 1059 3287 meam
1078 3232 1109 3283 A.

30 3317 34 3322 ’
87 3326 152 3377 Tum
168 3327 316 3378 ierusalem
334 3324 377 3375 Ba.
397 3323 435 3388 A,
460 3329 623 3379 iherusalem
643 3323 691 3374 tta.
711 3330 737 3373 et
755 3321 796 3374 ad.
816 3320 957 3386 Deserta,
982 3323 1115 3374 hirsutam

88 3411 136 3464 Hc.
175 3411 242 3462 Dein
266 3415 399 3466 civitatem
423 3430 507 3465 meam
531 3409 563 3462 Α.
600 3410 658 3462 Mox
684 3421 707 3464 et
732 3425 779 3478 pro
798 3419 826 3463 nt
845 3409 922 3462 idem.
960 3408 1114 3477 teteritas

88 3517 103 3551 a
122 3516 144 3552 r.
164 3515 197 3551 m.
217 3501 417 3567 superscriptum
438 3501 463 3549 in
483 3499 532 3550 hia.
574 3498 640 3549 Dein
660 3502 761 3551 israhel
780 3495 820 3549 ed.
840 3496 962 3548 Devenit.
998 3493 1115 3546 Proxime

89 3591 259 3642 scinderetur
277 3585 307 3638 A.
343 3587 404 3638 Tum
422 3591 548 3657 propheta
567 3601 615 3636 om.
635 3584 712 3649 idem,
730 3589 833 3655 profeta
847 3584 934 3636 scribit
945 3582 986 3634 W.
1017 3585 1115 3636 Achiua

91 3691 145 3742 pn,
171 3690 220 3742 per
243 3691 291 3726 ras.
329 3677 395 3728 Attio
415 3673 464 3725 tto.
500 3657 761 3739 theoprastum,
787 3679 844 3737 post
868 3686 932 3722 vero
956 3687 975 3722 rr
999 3684 1115 3732 erasum3

92 3767 173 3816 scidit
191 3764 267 3814 etiam
285 3761 321 3813 Ba
341 3779 364 3813 c.
386 3761 444 3813 edd.
463 3761 632 3812 hianutianam
650 3759 869 3823 antecedentibus,
889 3761 996 3812 sciehat.
1027 3759 1065 3810 Ac
1084 3754 1114 3806 Α.

95 3849 140 3914 17)
154 3853 332 3914 individuam,
353 3854 508 3920 copulatam,
527 3865 675 3901 connexam
687 3847 746 3899 Ver.
776 3846 824 3898 Pro
839 3863 959 3899 cmrrseoea
971 3845 1116 3910 scripsimus

97 3954 199 3990 emmae
216 3936 381 3988 suadentibus
400 3935 439 3986 W.
453 3934 518 3986 Hah.
533 3933 576 3986 Ba.
591 3932 622 3986 Α.
648 3934 706 3986 Vid.
720 3933 872 4002 Wagner.
890 3929 1007 4000 Orthogr.
1020 3928 1115 3999 Vergit.

96 4041 121 4092 p.
140 4026 199 4079 155.
213 4025 261 4077 titt.
280 4025 310 4078 tt.
324 4025 349 4077 3.
382 4023 440 4076 Hox
459 4025 596 4078 Christum
614 4025 752 4076 induimur
770 4020 800 4072 Α.
826 4020 883 4072 vid.
902 4019 934 4071 ad
947 4016 1078 4086 Capto.
1091 4017 1115 4068 6.
1224 4016 1236 4028 “

885 4092 907 4156 2
