2894 4804
790 417 853 485 {22

309 587 371 642 tote
403 579 491 641 deum
521 579 555 640 in
584 597 718 657 corpore
740 586 854 641 cestro.
899 576 1099 642 clarificemus
1121 585 1151 642 et
1172 585 1322 661 portemus

308 695 394 756 deum
418 709 493 774 puro
517 697 546 752 et
569 691 678 754 mundo
702 709 832 772 corpore
845 685 872 766 ⁹)
895 697 925 752 et
947 692 1161 755 observatione
1190 689 1322 768 meliore,

308 813 336 867 et
361 806 410 886 qui
433 823 489 886 per
510 803 685 885 sanguinem
708 801 815 864 Cbristi
838 802 983 884 redempti
1005 820 1123 881 sumus,
1147 822 1203 885 per
1225 804 1321 866 omnia

307 919 459 1006 servitutis
494 918 637 998 obsequie
660 917 859 998 redemptoris
881 917 998 998 inperio
1020 935 1176 998 parcamus
1198 917 1322 980 demus-

279 1049 365 1112 oque
389 1047 530 1111 operam,
563 1047 602 1092 ne
628 1029 697 1109 qnid
721 1023 891 1091 inmunduin
914 1036 945 1090 et
966 1028 1122 1110 profanum
1144 1031 1252 1113 templo
1275 1030 1323 1094 dei

307 1143 461 1222 inseratur,
485 1160 524 1203 nc
547 1141 680 1203 ottensns
704 1140 817 1218 sedem,
841 1159 927 1220 qnam
950 1141 1107 1219 inhabitat,
1130 1141 1322 1225 derelinquat

307 1257 485 1339 sospitantis
520 1254 629 1318 domini
663 1255 755 1318 verba
788 1262 857 1318 sunt
890 1260 920 1317 et
951 1255 1086 1318 docentis
1106 1252 1161 1335 ¹⁰),
1193 1257 1323 1320 curantis

305 1373 414 1454 pariter
437 1378 468 1433 et
494 1370 641 1433 monentis
658 1368 714 1446 ¹¹):
745 1371 841 1446 Ecce,
875 1371 984 1451 inquit,
1014 1391 1113 1434 saoce
1141 1373 1246 1451 [actos
1278 1391 1322 1448 ce,

306 1487 368 1547 iam
401 1487 467 1548 noti
494 1505 643 1564 peccare,
676 1505 714 1546 nc
745 1485 823 1564 qaid
853 1483 910 1546 tibi
929 1482 967 1561 ¹²)
997 1486 1133 1547 deterius
1158 1486 1222 1565 fiat.
1266 1485 1324 1546 Dat

268 1617 293 1660 m
306 1601 426 1666 vivendi
448 1601 582 1665 {imorem
597 1597 647 1680 ¹³),
671 1600 721 1662 dat
739 1601 928 1664 innocentiae
942 1599 1051 1684 legem,
1073 1607 1229 1681 postquam
1243 1617 1322 1662 con-

304 1893 330 1942 in
349 1903 420 1956 seqq.
439 1889 615 1954 clarificemus
633 1899 680 1951 pro
699 1887 842 1955 ptoriqicotc
860 1894 884 1938 et
901 1888 1080 1955 ptoripieemus
1099 1901 1114 1936 e
1137 1887 1321 1954 septemdecim

306 1985 366 2028 vett.
386 1975 444 2025 Mes.
464 1981 489 2023 et
508 1987 540 2023 ex
557 1971 596 2022 ed.
616 1970 713 2022 Motell.
733 1971 843 2021 restituit
860 1970 984 2023 baluzius.
1021 1969 1075 2022 Nec
1094 1970 1167 2023 aliter
1184 1970 1276 2040 legitor
1295 1975 1320 2025 in

306 2065 398 2114 nostris
416 2060 485 2112 libris
503 2068 611 2128 excepto
630 2058 687 2122 ttt,
712 2061 737 2110 in
758 2072 808 2126 quo
828 2061 970 2124 clarificate
989 2067 1111 2109 mutatum
1130 2066 1169 2110 est
1187 2061 1212 2109 in
1232 2063 1318 2129 plori-

304 2156 387 2221 pente,
407 2158 433 2201 et
444 2157 509 2199 teste
520 2147 630 2216 Rigattio
641 2149 664 2197 in
677 2146 734 2198 cod.
744 2145 802 2199 Ver.
833 2145 861 2196 ln
874 2162 924 2214 mg.
937 2155 1019 2197 antem
1033 2144 1203 2214 Gottingensis
1223 2162 1317 2198 exem-

305 2237 380 2304 plaris
399 2237 439 2288 ed.
458 2236 551 2287 Manat.
569 2237 653 2302 reperi
676 2235 777 2302 quidem
804 2235 911 2286 eandem
939 2234 1086 2299 tectionem,
1112 2234 1158 2285 sed
1187 2235 1242 2285 sinc
1269 2233 1319 2286 ulio

306 2326 401 2376 codicis
419 2323 519 2398 ¹indicio.
556 2321 640 2373 Verba
659 2333 683 2375 ct
699 2333 802 2391 portate
818 2336 869 2374 om.
888 2321 938 2374 bid.
974 2322 1023 2373 Pro
1042 2325 1118 2376 deam
1136 2330 1162 2373 et
1181 2322 1221 2374 bic
1244 2330 1271 2373 et
1294 2323 1318 2373 in

305 2429 377 2482 seqq.
396 2411 454 2463 edd.
474 2417 536 2462 vett.
555 2425 577 2461 c.
597 2408 692 2462 Erasm.
713 2408 786 2462 Grav.
805 2418 881 2478 atque
907 2410 1006 2463 bicrelt.
1033 2409 1154 2461 exhibent
1178 2413 1318 2465 dominam.

304 2570 433 2636 Deinceps
450 2567 474 2618 tt
491 2566 577 2618 scribit
595 2569 624 2620 in
642 2571 720 2620 corde
739 2575 838 2620 vestro.
889 2567 917 2632 9)
941 2501 1068 2636 parbordeot
1086 2535 1180 2623 macodo
1200 2570 1320 2635 (cardea

304 2675 336 2708 m.
356 2655 452 2709 saecuti
469 2653 532 2706 Xlli.
551 2671 626 2723 supra
645 2655 758 2720 adiecto)
785 2654 827 2706 dat
846 2654 903 2721 tto,
932 2669 957 2719 μ.
977 2667 1002 2708 et
1020 2674 1053 2707 m.
1073 2658 1150 2709 corda
1168 2667 1193 2710 et
1211 2672 1321 2726 corpore

304 2752 383 2796 exstat
407 2744 432 2792 in
457 2741 515 2793 edd.
542 2750 618 2806 vett,
642 2741 739 2794 Erasm.
760 2751 786 2794 et
804 2742 895 2807 Gran,
920 2764 944 2812 p.
964 2753 989 2796 et
1013 2762 1045 2796 nt.
1067 2747 1144 2797 corde
1161 2754 1186 2796 et
1203 2762 1280 2813 opere
1297 2745 1320 2794 in

304 2829 421 2895 Mercib,
446 2841 549 2899 pectore
573 2846 620 2898 pro
645 2848 754 2899 corpore
779 2832 803 2881 in
823 2830 888 2883 libro
906 2830 984 2896 Hori,
1004 2849 1114 2898 corpore
1132 2841 1224 2884 inostro
1244 2833 1269 2882 in
1289 2833 1320 2895 A,

305 2921 346 2986 qui
365 2920 478 2985 proxime
497 2918 584 2970 scribit
604 2928 633 2972 ct
658 2923 710 2986 qui.
747 2917 813 2970 Part.
841 2928 881 2986 et,
907 2935 973 2987 qnae
996 2920 1021 2969 in
1048 2918 1088 2970 ed.
1108 2916 1199 2970 Manui.
1219 2917 1319 2982 excidit,
1420 2923 1423 2936 '

305 3004 415 3075 Gotting.
435 3005 562 3073 exemplar
588 3005 612 3055 in
638 3021 687 3072 mg.
708 3004 857 3072 adscriptam
880 3003 965 3056 babet.
1001 3004 1086 3056 Voces
1106 3009 1206 3058 domini
1223 3009 1319 3072 troctri,

305 3109 366 3160 quas
386 3093 442 3144 edd.
461 3091 623 3144 Balozianam
641 3092 824 3144 antecedentes
843 3100 902 3160 post
921 3094 1022 3146 Christi
1046 3092 1141 3144 addunt
1166 3100 1192 3144 ct
1211 3091 1320 3143 Gallicus

304 3181 385 3234 editor
402 3185 480 3250 tacite
498 3183 627 3248 expunxit,
645 3196 696 3231 non
715 3188 856 3248 agnoscunt
873 3181 951 3230 nostri
971 3179 1044 3232 codd.
1064 3195 1152 3231 omncs
1172 3188 1198 3230 et
1216 3179 1275 3231 Ver.
1296 3179 1321 3231 2.

303 3268 362 3320 lilox
379 3273 502 3337 obsequia
520 3285 571 3320 rec.
590 3269 632 3319 ttta
651 3284 683 3320 m.
702 3285 779 3335 supra
797 3267 931 3334 adscripsit
949 3269 973 3318 in
993 3266 1042 3319 ttb.
1074 3267 1158 3320 Verba
1176 3271 1321 3336 demusque

304 3374 408 3425 oporam
432 3372 481 3408 om.
501 3356 557 3407 cod.
577 3355 601 3408 S.
620 3357 751 3423 Arnuipbi.
799 3355 844 3420 10)
863 3359 1016 3408 esdoccntia
1041 3371 1087 3425 pro
1113 3365 1136 3409 et
1156 3357 1272 3408 docentis
1290 3354 1319 3404 Α.

304 3443 390 3494 Statim
409 3447 530 3498 onerantis
549 3443 621 3496 deest
638 3446 662 3494 in
675 3444 733 3495 bibd
752 3450 779 3495 et
791 3444 821 3494 Α.
861 3441 905 3510 tt)
923 3442 1013 3496 Joann.
1033 3443 1058 3508 5,
1079 3443 1118 3496 14.
1159 3443 1204 3506 12)
1224 3459 1257 3496 na
1274 3445 1321 3495 tibi

304 3531 334 3582 tt.
375 3529 418 3598 13)
437 3530 473 3582 ita
492 3531 549 3584 Ver.
568 3531 607 3582 W.
625 3532 706 3583 Mabc.
726 3531 754 3583 B.
774 3530 829 3583 Vat.
849 3532 872 3582 d.
893 3530 916 3582 Α
934 3539 959 3584 et
978 3532 1018 3582 ed.
1033 3529 1113 3583 Oxon.
1144 3530 1218 3584 Coni.
1238 3528 1319 3582 Gro-

305 3633 375 3670 nov.
395 3617 539 3671 Observatt.
558 3637 582 3687 p.
596 3619 655 3673 571.
695 3623 801 3673 Viccndi
819 3637 918 3673 moram
937 3619 1056 3672 exhibent
1074 3619 1114 3669 Md
1134 3627 1160 3670 et
1180 3621 1241 3671 editi
1260 3627 1320 3670 ante

306 3705 396 3772 Onon,
414 3712 520 3761 vivendi
537 3718 651 3761 tenorem
670 3723 684 3757 e
704 3707 761 3758 cod.
782 3707 907 3776 burgund.
926 3709 1023 3775 recepit
1044 3707 1127 3758 baluz.
1165 3705 1243 3758 Panto
1263 3715 1321 3774 post

304 3845 352 3882 acc
378 3833 470 3883 moenie
488 3830 530 3881 dat
548 3829 596 3880 bia.
631 3828 693 3880 Tum
720 3805 744 3847 ⁰²
769 3834 899 3885 recolatis
923 3830 961 3898 (ot
1012 3847 1031 3881 r.
1050 3847 1082 3880 m.
1107 3829 1246 3898 superior.)
1272 3829 1320 3894 Mc,

304 3907 610 3971 resolutrthetMrb.
647 3917 777 3986 Deinceps
794 3918 999 3992 percopcribid.
1030 3917 1057 3969 ln
1077 3933 1148 3986 seqq.
1167 3933 1191 3969 v.
1209 3921 1321 3990 prosius

305 4001 346 4056 Mb
364 4020 379 4057 a
396 4021 416 4056 r.
435 4019 468 4058 m.
488 4008 513 4063 in
531 4021 580 4060 ras.
599 4003 683 4060 babet.
