2894 4804
797 448 860 518 164

319 613 426 679 stitiam
450 633 516 679 cum
538 613 687 697 religione
710 613 892 692 retinentes,
914 610 1036 675 stabiles
1058 610 1089 672 in
1110 607 1186 689 lide,
1207 605 1330 672 humiles

318 732 348 793 in
371 732 494 808 timore,
526 727 563 791 ad
586 745 704 791 omnem
727 726 912 790 tolerantiam
934 725 1046 804 lortes,
1072 723 1109 786 ad
1133 722 1329 788 sustinendam

317 845 452 908 iniuriam
475 842 580 922 mites,
611 841 648 904 ad
671 839 835 904 faciendam
858 837 1093 903 misericordiam
1116 834 1237 917 faciles,
1262 835 1329 900 lra-

317 965 401 1021 terna
432 975 507 1039 pace
538 957 692 1018 unanimes
723 961 812 1036 atque
841 953 1018 1018 concordes.
1072 953 1158 1028 Quae
1189 968 1246 1016 vos
1267 951 1331 1015 sin-

291 1073 387 1156 5gula
406 1069 460 1150 ¹⁴²),
491 1071 631 1134 obooae
653 1070 803 1152 virgines,
835 1069 1019 1149 observare,
1051 1067 1195 1151 diligere,
1220 1068 1331 1150 inplere

317 1183 441 1262 debetis,
465 1201 542 1264 quae
557 1181 616 1244 deo
632 1188 662 1244 et
677 1180 795 1244 Christo
811 1188 953 1244 vacantes
969 1181 1005 1244 ad
1022 1181 1181 1261 dominum,
1207 1183 1254 1244 cni
1277 1197 1331 1244 vos

316 1298 448 1377 dicastis,
471 1303 500 1360 et
522 1297 636 1358 nraiore
659 1301 689 1357 et
704 1295 827 1358 meliore
842 1303 927 1377 parte
943 1296 1131 1376 praeceditis.
1168 1297 1331 1358 Provectae

316 1415 401 1477 annis
421 1409 477 1493 ¹³),
511 1412 675 1474 iunioribus
709 1410 798 1473 facite
833 1411 1052 1494 magisterium
1091 1411 1224 1474 minores
1256 1416 1332 1488 natu,

316 1528 459 1611 praebete
490 1527 670 1608 conparibus
701 1527 930 1589 incitamentum.
984 1525 1185 1588 llortamentis
1203 1520 1247 1604 Ι1)
1280 1539 1332 1585 vos

278 1659 304 1702 lo
317 1641 425 1703 mutuis
449 1640 587 1718 excitate,
611 1638 734 1701 aemulis
757 1637 796 1699 de
820 1637 928 1701 virtute
951 1636 1135 1702 documentis
1158 1637 1196 1702 ad
1211 1637 1333 1722 gloriam

315 1761 481 1838 provocate
488 1774 497 1832 3
530 1753 634 1816 durate
657 1751 791 1832 fortiter,
820 1752 992 1834 spiritaliter
1014 1753 1148 1836 pergite,
1178 1753 1332 1836 pervenite

316 1869 457 1945 feliciter3
488 1873 598 1931 tanturn
622 1875 804 1931 mementote
827 1875 898 1930 tunc
920 1868 1033 1948 nostri,
1063 1887 1130 1931 cum
1160 1867 1334 1951 incipietin
1431 1859 1432 1862 '

318 1983 402 2046 vobis
425 1981 581 2066 virginitas
604 1981 755 2044 honorari.

321 2099 524 2110 σι-ο-ω-

316 2138 503 2206 superscripsit
546 2135 595 2189 Pro
623 2139 764 2191 retinentes
792 2139 817 2188 in
835 2136 868 2189 W
886 2146 926 2189 est
952 2147 1080 2203 tenentes,
1109 2139 1135 2190 io
1158 2137 1179 2188 B
1210 2143 1332 2194 timenter.

315 2224 401 2276 Verba
420 2241 478 2276 mox
496 2225 642 2292 sequentia:
662 2228 695 2278 att
713 2243 813 2280 oetatem
831 2228 999 2280 tolerantiam
1009 2231 1104 2296 fortes,
1125 2235 1216 2296 utpote
1229 2229 1332 2296 primum
1431 2235 1432 2238 ’

317 2312 420 2377 omissa,
439 2313 465 2362 iu
483 2310 525 2363 Fr.
545 2311 625 2363 Emm.
644 2311 668 2366 2.
688 2329 708 2365 r.
727 2329 759 2364 m.
779 2313 811 2366 etl
830 2329 880 2382 mg.
900 2313 1002 2366 adlevit.
1044 2313 1110 2366 Dein
1128 2314 1285 2384 Augustinus
1302 2315 1333 2368 ai

317 2403 490 2454 sustinendus
513 2403 641 2456 iniurius.
691 2401 737 2470 12)
757 2405 865 2473 simpuio
883 2419 898 2454 u
917 2420 949 2456 m.
967 2419 1023 2471 pn,
1047 2419 1061 2454 a
1079 2417 1099 2456 s.
1118 2405 1242 2474 sinpelae
1259 2401 1292 2453 W
1308 2407 1332 2453 et
1431 2455 1432 2480 1

207 2527 209 2540 .
317 2485 374 2551 llb;
398 2490 523 2558 singulae
550 2489 611 2540 item
632 2488 751 2540 exhibent
770 2491 849 2540 nostri
868 2489 941 2542 codd.
960 2506 1000 2558 ap.
1020 2488 1186 2559 Augustioum
1206 2506 1254 2559 pro
1271 2492 1331 2545 ein·
1431 2483 1432 2536 l

316 2575 388 2644 pule,
407 2589 473 2642 quae
491 2572 568 2625 lectio
588 2577 715 2642 reperitur
733 2577 809 2627 etiarn
828 2577 853 2627 in
873 2577 914 2628 ed.
928 2574 1006 2630 Maur.
1044 2575 1134 2629 Statim
1152 2574 1333 2629 interiectionis
1426 2573 1432 2602 '³

316 2659 443 2728 particula
461 2678 476 2715 o
495 2660 569 2712 deest
586 2663 612 2712 in
633 2661 671 2728 A,
688 2664 800 2733 itemque
819 2667 928 2735 clitipere
947 2665 972 2715 in
990 2663 1039 2716 llb.
1077 2667 1183 2720 lieletie
1203 2669 1249 2720 deo
1267 2674 1291 2719 et
1308 2665 1334 2717 in

318 2745 425 2801 curten
442 2758 567 2802 vocantes
584 2749 696 2816 pessime
714 2743 801 2801 scribit
814 2748 844 2815 A,
862 2753 967 2821 placent
983 2761 1110 2806 vacanter
1127 2749 1206 2803 habet
1218 2751 1248 2806 B.
1278 2751 1334 2802 Tum

318 2835 352 2885 oti
377 2835 453 2887 Mum
480 2833 573 2902 legitur
598 2837 623 2886 in
642 2834 726 2888 llbcd.
746 2836 767 2889 B
786 2845 812 2889 et
831 2836 868 2904 A,
894 2838 987 2890 deiude
1010 2842 1090 2894 cuiue
1109 2839 1135 2891 iu
1152 2837 1196 2893 Fr.
1215 2839 1294 2892 Emm.
1313 2836 1333 2890 1.

317 2919 461 2976 Promeae
485 2937 535 2974 om.
559 2923 589 2975 A.
634 2923 706 2976 ldem
731 2924 812 2992 liber,
840 2934 868 2978 ut
894 2925 968 2980 codd.
996 2926 1102 2997 Frising.
1128 2935 1155 2978 et
1172 2925 1274 2980 Wiudb.
1297 2941 1334 2994 ap.

318 3007 465 3078 Augustin,
495 3009 599 3062 exhibet
626 3013 738 3079 dictetis,
766 3012 895 3066 Palatinus
917 3021 1006 3066 contra
1024 3017 1140 3070 societis
1159 3016 1254 3068 omisso
1273 3009 1335 3084 quod

317 3093 478 3165 subsequitur
500 3107 533 3152 et.
570 3097 615 3165 ts)
636 3103 782 3156 Provectne
806 3105 901 3157 aetatis
919 3102 960 3155 Fr.
978 3101 1059 3154 Emm.
1080 3102 1105 3156 2.
1140 3101 1170 3154 lu
1192 3118 1263 3172 seqq.
1281 3103 1333 3154 mi·
1431 3171 1432 3176 ἵ

317 3187 394 3238 noris
420 3181 449 3236 B.
491 3182 552 3238 Post
573 3191 693 3256 praebete
718 3205 774 3241 cum
801 3188 892 3243 Granio
919 3191 1013 3244 adiecit
1030 3189 1157 3243 Pamelius
1187 3193 1334 3245 maioribus

317 3273 497 3326 ministerium
517 3289 532 3325 e
551 3274 627 3328 codd.
640 3273 725 3344 Alllig.
739 3285 765 3329 et
778 3276 867 3330 Calon.
887 3279 1029 3348 veterique,
1047 3287 1075 3330 ut
1092 3281 1137 3344 ait,
1157 3294 1245 3331 exous.
1265 3277 1294 3346 [i.
1312 3289 1333 3327 e.

317 3357 359 3410 ed.
369 3358 514 3428 Darentr.].
540 3360 609 3414 ldem
622 3362 819 3416 additamentum
833 3381 882 3434 ego
895 3367 979 3435 reperi
989 3367 1015 3417 in
1024 3365 1049 3418 S.
1060 3364 1193 3436 Augustis.
1205 3366 1249 3420 ed.
1260 3365 1333 3418 Maur.

317 3445 335 3497 l.
355 3462 394 3511 c.;
422 3438 537 3502 setl'om.
556 3449 637 3501 nostri
665 3451 739 3503 codd.
758 3461 809 3503 tam
829 3451 964 3520 Cypriam,
993 3469 1068 3523 quam
1086 3453 1192 3524 August.
1237 3451 1333 3503 Idcirco

317 3541 389 3584 recte
415 3537 535 3604 expunxit
552 3533 686 3603 baluzius,
711 3539 752 3608 qui
777 3540 827 3591 duo
856 3542 904 3593 ista
924 3540 1049 3594 vocabula
1067 3543 1093 3593 lu
1112 3543 1164 3594 suis
1183 3539 1259 3593 codd.
1278 3539 1295 3591 l.
1313 3552 1334 3588 e.

317 3621 405 3690 viginti
418 3630 518 3691 septem
529 3637 581 3674 non
593 3625 701 3677 invenit:
730 3625 776 3695 14)
790 3631 950 3684 Ortamentie
960 3627 1004 3682 Fr.
1013 3627 1095 3681 Emm.
1108 3629 1133 3682 2.
1164 3625 1225 3679 Tum
1238 3627 1335 3682 mutuis

317 3726 368 3765 vot
387 3709 417 3762 A.
462 3707 603 3779 Praeposit.
628 3715 659 3766 tte
684 3721 743 3764 ante
766 3715 865 3769 virtute
888 3731 937 3768 om.
964 3715 1006 3768 Fr.
1024 3715 1106 3768 Emm.
1127 3715 1151 3768 1.
1171 3723 1199 3768 et
1218 3713 1247 3769 B.
1289 3711 1334 3766 Pro

319 3800 349 3852 tte
366 3801 465 3852 virtute
483 3795 505 3849 A
523 3797 601 3850 habet
619 3802 740 3869 virtutis,
760 3797 793 3850 W
812 3817 834 3854 c.
852 3801 892 3853 lla
904 3799 941 3858 ‘cie
959 3805 1088 3872 utrisque.
1133 3800 1211 3854 Paulo
1236 3807 1292 3871 post
1312 3807 1333 3852 et

319 3888 496 3954 spiritualiter
512 3883 563 3953 Mc,
582 3889 761 3957 spiritualiter
779 3890 839 3942 item
856 3890 878 3941 A
898 3906 919 3942 c.
940 3890 998 3942 edd.
1018 3884 1108 3943 Venet.
1129 3891 1153 3943 1.
1172 3890 1197 3943 2.
1216 3887 1333 3941 Daveotr.

318 3971 400 4023 huon.
421 3971 548 4026 Rembolt.
566 3973 664 4026 Erasm.
708 3973 737 4028 ln
763 3993 836 4048 seqq.
854 3981 916 4033 tium
941 3981 1036 4050 incipit
1059 3981 1137 4034 votis
1150 3977 1198 4046 A,
1226 3981 1288 4034 tom
1309 3977 1335 4029 itt
1431 4031 1432 4042 .

318 4063 395 4117 uotis
413 4063 520 4133 incipiet
538 4061 618 4118 Pelet.
638 4077 678 4134 ap.
697 4061 805 4136 August.
840 4065 906 4118 Dein
924 4071 1055 4123 honorare
1072 4065 1114 4122 Fr.
1132 4064 1212 4120 lirum.
1234 4064 1256 4118 t.
