2872 4806
517 1303 773 1400 annuntio.

219 1631 369 1716 Cypriani,
386 1625 543 1710 scriptoris
558 1625 797 1708 eloquentissimi
812 1632 842 1690 et
857 1627 1034 1711 suavissimi,
1050 1648 1153 1715 opera,

133 1757 170 1818 ab
192 1755 344 1818 Lactantio
361 1749 419 1838 ⁴⁵),
442 1751 625 1835 Hieronymo
641 1746 717 1834 fl),
740 1749 911 1834 Augustino
927 1748 1003 1836 aaa)
1026 1752 1153 1835 aliisque

134 1877 280 1944 ecclesiae
302 1878 437 1941 Patribus
470 1875 592 1939 summis
623 1873 760 1938 laudibus
790 1880 911 1956 emata,
946 1876 975 1939 in
1005 1877 1152 1958 omnihus,

132 2001 279 2085 quotquot
312 2001 468 2082 hucusque
506 1999 537 2061 in
572 1997 669 2061 lucem
701 1995 895 2079 prodierunt,
932 1999 1153 2082 exemplaribus
1194 2079 1199 2092 Ι

132 2125 220 2188 ctiam
249 2130 318 2207 post
349 2121 588 2187 doctissimorum
610 2120 743 2184 virorum
767 2137 854 2184 curas
878 2121 926 2184 hic
948 2121 1008 2186 illic
1030 2122 1153 2188 mirifice

133 2263 203 2310 esse
227 2245 387 2328 depravata
410 2251 498 2327 atque
520 2243 697 2326 interpolata
719 2260 808 2306 nemo
833 2243 945 2324 nescit,
968 2246 1018 2327 qui
1041 2245 1151 2328 aliquid

133 2370 243 2434 inillis
266 2365 459 2431 emendandis
481 2363 569 2429 studii
592 2365 758 2429 collocavit.

221 2492 331 2570 Quare,
353 2496 510 2574 postquam
541 2489 596 2552 tria
627 2488 761 2553 eiusdem
793 2490 923 2556 auctoris
953 2490 1151 2573 pulcherrima

136 2663 339 2672 -—--.-——-..

198 2753 224 2819 *J
244 2752 350 2806 institut.
368 2752 399 2804 V.
420 2751 444 2818 1,
464 2752 521 2804 24.ε
549 2751 618 2804 Unus
642 2754 796 2820 praecipuus
819 2761 845 2805 et
871 2753 954 2806 clarus
980 2757 1075 2809 exstitit
1097 2754 1151 2824 Gy-

128 2845 248 2912 pmanua‚
274 2843 316 2911 qui
341 2849 368 2894 et
385 2856 502 2909 maguam
521 2839 571 2892 sibi
589 2839 696 2908 gloriam
714 2856 745 2891 ex
764 2842 826 2892 artis
844 2843 972 2894 oratoriae
991 2843 1151 2911 professione

127 2931 289 3000 quaesierat3
315 2937 342 2980 et
366 2927 502 2980 admodum
527 2927 605 2980 multa
629 2929 777 2996 conscripsit
794 2929 820 2980 iu
839 2943 885 2982 suo
905 2945 1001 2998 genere
1021 2932 1150 2997 miranda3

126 3027 184 3072 erat
203 3020 270 3070 enim
289 3020 394 3088 ingenio
413 3017 491 3082 facili,
510 3017 634 3086 copioso,
659 3019 731 3070 suari
751 3026 792 3083 et,
817 3034 883 3087 quae
901 3019 1026 3072 sermonis
1043 3021 1152 3072 maxima

124 3107 271 3172 calvinus,
289 3114 395 3175 aperto,
420 3113 447 3156 ut
465 3105 614 3158 discemere
632 3122 762 3175 nequeas,
781 3114 898 3158 utrumne
917 3108 1030 3159 ornatior
1048 3110 1073 3159 io
1092 3107 1150 3160 elo-

124 3195 241 3264 quendo,
259 3211 291 3246 an
310 3193 409 3246 facilior
426 3195 451 3245 in
468 3193 631 3262 explicando,
651 3210 682 3244 au
694 3196 823 3262 potentIor
836 3195 862 3245 in
875 3193 1053 3262 persuadendo
1066 3195 1150 3248 luerit.

200 3281 242 3347 ”t
262 3281 344 3350 Epist.
367 3279 449 3332 LVIII.
475 3280 508 3332 ad
533 3277 663 3332 Paulinum
689 3283 714 3346 §.
735 3280 775 3332 10.
801 3279 870 3332 Tom.
889 3280 907 3334 I.
932 3299 957 3350 p.
976 3280 1036 3335 324.
1060 3282 1088 3335 B.
1108 3280 1149 3335 ed.

124 3373 251 3424 Vallata:
277 3367 372 3422 Beatus
392 3367 534 3436 Cyprianus
557 3371 636 3420 Instar
658 3368 735 3421 iontis
758 3369 883 3437 purissimi
908 3368 987 3421 dulcis
1010 3367 1106 3420 Incedit
1123 3376 1150 3421 et

122 3459 241 3530 placidus
260 3466 296 3522 et,
319 3473 375 3508 cum
395 3463 464 3507 totus
483 3458 515 3507 sit
535 3457 560 3507 in
582 3455 758 3508 exhortatione
776 3457 912 3522 virtutum,
932 3463 1069 3524 occupatus
1086 3467 1148 3523 per-

120 3550 284 3602 secutionum
303 3545 437 3614 augustiis,
456 3545 488 3596 de
507 3545 637 3612 scripturis
655 3543 748 3596 divinis
766 3560 929 3614 nequaquam
947 3543 1073 3594 dlaseruit.
1109 3541 1148 3595 cf.

121 3634 239 3688 eiusdem
266 3631 346 3701 Epist.
364 3630 436 3684 LXII.
462 3632 494 3683 ad
519 3631 634 3702 Magnum
659 3641 786 3685 oratorem
811 3636 835 3698 §.
855 3632 879 3684 3.
905 3631 974 3682 Tom.
994 3628 1012 3682 I.
1040 3647 1067 3698 p.
1086 3630 1148 3684 126.

121 3721 154 3776 G.
175 3730 201 3772 et
219 3721 300 3789 Epist.
320 3719 393 3773 CVII.
412 3719 445 3772 ad
463 3719 567 3773 Laetam
586 3725 611 3788 §.
631 3721 672 3774 12.
690 3739 714 3790 p.
735 3721 794 3772 682.
814 3719 842 3772 0.

197 3807 254 3874 m)
273 3807 353 3861 Serm.
372 3807 432 3860 313.
452 3811 476 3859 in
495 3810 572 3862 natali
592 3809 711 3879 CyprIani
731 3817 833 3876 martyr.
853 3808 881 3860 V.
901 3805 963 3875 Cap.
983 3806 1001 3860 1.
1027 3806 1097 3860 Torn.
1117 3806 1146 3862 V.

1 3916 3 3979 ς
117 3899 151 3952 P.
171 3896 202 3948 II.
222 3913 247 3964 p.
269 3896 344 3948 1258.
363 3895 393 3949 D.
412 3896 454 3948 ed.
474 3896 592 3949 Mennim:
618 3897 694 3950 Cuius
724 3895 859 3949 reverendi
884 3896 997 3964 episcopi
1018 3904 1045 3948 et
1062 3911 1146 3948 vane-

2 3984 5 4021 t
117 3984 197 4038 randi
217 3986 333 4051 martyris
353 3982 473 4054 Cypriani
491 3985 607 4038 laudibus
624 3986 692 4039 nulla
714 3985 799 4054 lingna
824 3983 969 4050 sufficeret,
998 4000 1046 4037 nec
1072 3985 1093 4038 ai
1117 4000 1146 4038 ae

117 4077 180 4143 ipse
198 4070 322 4137 laudaret,
343 4081 369 4123 et
386 4071 467 4139 Epist.
484 4070 569 4126 XCIII.
589 4073 650 4142 Cap.
672 4073 712 4126 10.
731 4076 755 4139 §.
775 4071 816 4124 39.
837 4070 907 4124 Tom.
926 4069 957 4124 11.
975 4088 1002 4140 p.
1020 4071 1080 4126 247.
1099 4069 1145 4125 Aa

118 4159 203 4215 Stilus
222 4159 276 4212 eins
294 4158 372 4212 habet
389 4159 512 4228 quandam
531 4163 658 4232 propriam
676 4161 777 4228 faciem,
796 4175 844 4230 qua
862 4160 944 4228 possit
961 4160 1074 4229 agnosci.
