<?xml version="1.0" encoding="UTF-8"?>
<!DOCTYPE html PUBLIC "-//W3C//DTD XHTML 1.0 Transitional//EN"
    "http://www.w3.org/TR/xhtml1/DTD/xhtml1-transitional.dtd">
<html xmlns="http://www.w3.org/1999/xhtml" xml:lang="en" lang="en">
 <head>
  <title>
</title>
<meta http-equiv="Content-Type" content="text/html;charset=utf-8" />
  <meta name='ocr-system' content='tesseract 3.04.00' />
  <meta name='ocr-capabilities' content='ocr_page ocr_carea ocr_par ocr_line ocrx_word'/>
</head>
<body>
  <div class='ocr_page' id='page_1' title='image "./scaecilicyprian00krabgoog_0168.png"; bbox 0 0 2874 4806; ppageno 0'>
   <div class='ocr_carea' id='block_1_1' title="bbox 566 447 634 520">
    <p class='ocr_par' dir='ltr' id='par_1_1' title="bbox 566 447 634 520">
     <span class='ocr_line' id='line_1_1' title="bbox 566 447 634 520; baseline -0.015 0"><span class='ocrx_word' id='word_1_1' title='bbox 566 447 634 520; x_wconf 73' lang='lat' dir='ltr'><strong>tot</strong></span> 
     </span>
    </p>
   </div>
   <div class='ocr_carea' id='block_1_2' title="bbox 92 605 1136 703">
    <p class='ocr_par' dir='ltr' id='par_1_2' title="bbox 92 605 1136 703">
     <span class='ocr_line' id='line_1_2' title="bbox 92 605 1136 703; baseline 0.005 -32"><span class='ocrx_word' id='word_1_2' title='bbox 92 614 217 672; x_wconf 85' lang='lat' dir='ltr'><strong>terrena</strong></span> <span class='ocrx_word' id='word_1_3' title='bbox 247 611 387 694; x_wconf 79' lang='lat' dir='ltr'><strong>contagia</strong></span> <span class='ocrx_word' id='word_1_4' title='bbox 416 610 548 703; x_wconf 80' lang='lat' dir='ltr'><strong>davoiuti</strong></span> <span class='ocrx_word' id='word_1_5' title='bbox 575 630 593 674; x_wconf 91' lang='lat' dir='ltr'><strong>a</strong></span> <span class='ocrx_word' id='word_1_6' title='bbox 621 607 743 676; x_wconf 83' lang='lat' dir='ltr'><strong>caelesti</strong></span> <span class='ocrx_word' id='word_1_7' title='bbox 772 613 881 696; x_wconf 83' lang='lat' dir='ltr'><strong>vigore</strong></span> <span class='ocrx_word' id='word_1_8' title='bbox 908 619 1108 676; x_wconf 83' lang='lat' dir='ltr'><strong>recesserunt.</strong></span> <span class='ocrx_word' id='word_1_9' title='bbox 1133 605 1136 611; x_wconf 69' lang='grc'><strong>’</strong></span> 
     </span>
    </p>
   </div>
   <div class='ocr_carea' id='block_1_3' title="bbox 87 718 1108 903">
    <p class='ocr_par' dir='ltr' id='par_1_3' title="bbox 87 718 1108 903">
     <span class='ocr_line' id='line_1_3' title="bbox 87 718 1108 811; baseline 0.006 -27"><span class='ocrx_word' id='word_1_10' title='bbox 87 718 175 800; x_wconf 64' lang='lat' dir='ltr'><strong>init)</strong></span> <span class='ocrx_word' id='word_1_11' title='bbox 209 729 239 785; x_wconf 84' lang='lat' dir='ltr'><strong>et</strong></span> <span class='ocrx_word' id='word_1_12' title='bbox 275 724 380 787; x_wconf 83' lang='lat' dir='ltr'><strong>oeulos</strong></span> <span class='ocrx_word' id='word_1_13' title='bbox 416 725 619 789; x_wconf 90' lang='lat' dir='ltr'><strong>circumducto</strong></span> <span class='ocrx_word' id='word_1_14' title='bbox 651 728 777 809; x_wconf 82' lang='lat' dir='ltr'><strong>nigrore</strong></span> <span class='ocrx_word' id='word_1_15' title='bbox 811 727 914 792; x_wconf 87' lang='lat' dir='ltr'><strong>fucare</strong></span> <span class='ocrx_word' id='word_1_16' title='bbox 949 733 978 789; x_wconf 90' lang='lat' dir='ltr'><strong>ct</strong></span> <span class='ocrx_word' id='word_1_17' title='bbox 1014 745 1108 811; x_wconf 82' lang='lat' dir='ltr'><strong>genas</strong></span> 
     </span>
     <span class='ocr_line' id='line_1_4' title="bbox 87 833 1107 903; baseline 0.007 -7"><span class='ocrx_word' id='word_1_18' title='bbox 87 833 246 898; x_wconf 89' lang='lat' dir='ltr'><strong>mendacio</strong></span> <span class='ocrx_word' id='word_1_19' title='bbox 268 835 388 898; x_wconf 84' lang='lat' dir='ltr'><strong>ruboris</strong></span> <span class='ocrx_word' id='word_1_20' title='bbox 411 835 535 899; x_wconf 88' lang='lat' dir='ltr'><strong>iniicere</strong></span> <span class='ocrx_word' id='word_1_21' title='bbox 558 844 587 900; x_wconf 88' lang='lat' dir='ltr'><strong>at</strong></span> <span class='ocrx_word' id='word_1_22' title='bbox 609 844 724 900; x_wconf 90' lang='lat' dir='ltr'><strong>mutare</strong></span> <span class='ocrx_word' id='word_1_23' title='bbox 752 837 925 902; x_wconf 78' lang='lat' dir='ltr'><strong>adulterinis</strong></span> <span class='ocrx_word' id='word_1_24' title='bbox 956 841 1107 903; x_wconf 89' lang='lat' dir='ltr'><strong>coloribus</strong></span> 
     </span>
    </p>
   </div>
   <div class='ocr_carea' id='block_1_4' title="bbox 58 949 1109 1149">
    <p class='ocr_par' dir='ltr' id='par_1_4' title="bbox 58 949 1109 1149">
     <span class='ocr_line' id='line_1_5' title="bbox 89 949 1109 1035; baseline 0.006 -25"><span class='ocrx_word' id='word_1_25' title='bbox 89 949 204 1012; x_wconf 89' lang='lat' dir='ltr'><strong>crinem</strong></span> <span class='ocrx_word' id='word_1_26' title='bbox 237 955 267 1012; x_wconf 84' lang='lat' dir='ltr'><strong>et</strong></span> <span class='ocrx_word' id='word_1_27' title='bbox 299 967 475 1034; x_wconf 83' lang='lat' dir='ltr'><strong>expugnare</strong></span> <span class='ocrx_word' id='word_1_28' title='bbox 510 969 627 1014; x_wconf 90' lang='lat' dir='ltr'><strong>omnem</strong></span> <span class='ocrx_word' id='word_1_29' title='bbox 663 954 724 1015; x_wconf 94' lang='lat' dir='ltr'><strong>oris</strong></span> <span class='ocrx_word' id='word_1_30' title='bbox 757 959 787 1014; x_wconf 84' lang='lat' dir='ltr'><strong>at</strong></span> <span class='ocrx_word' id='word_1_31' title='bbox 820 954 923 1035; x_wconf 85' lang='lat' dir='ltr'><strong>capitia</strong></span> <span class='ocrx_word' id='word_1_32' title='bbox 953 956 1109 1018; x_wconf 88' lang='lat' dir='ltr'><strong>veritatem</strong></span> 
     </span>
     <span class='ocr_line' id='line_1_6' title="bbox 58 1063 813 1149; baseline 0.005 -25"><span class='ocrx_word' id='word_1_33' title='bbox 58 1080 69 1122; x_wconf 83' lang='lat'>⁵</span> <span class='ocrx_word' id='word_1_34' title='bbox 89 1063 280 1148; x_wconf 86' lang='lat' dir='ltr'><strong>corruptelae</strong></span> <span class='ocrx_word' id='word_1_35' title='bbox 302 1081 375 1128; x_wconf 83' lang='lat' dir='ltr'><strong>auae</strong></span> <span class='ocrx_word' id='word_1_36' title='bbox 398 1066 614 1149; x_wconf 69' lang='lat' dir='ltr'><strong>inpugnatione</strong></span> <span class='ocrx_word' id='word_1_37' title='bbox 637 1065 813 1131; x_wconf 86' lang='lat' dir='ltr'><strong>docuerunt.</strong></span> 
     </span>
    </p>
   </div>
   <div class='ocr_carea' id='block_1_5' title="bbox 560 1265 639 1334">
    <p class='ocr_par' dir='ltr' id='par_1_5' title="bbox 560 1265 639 1334">
     <span class='ocr_line' id='line_1_7' title="bbox 560 1265 639 1334; baseline -0.013 -2"><span class='ocrx_word' id='word_1_38' title='bbox 560 1265 639 1334; x_wconf 89' lang='lat' dir='ltr'>XII.</span> 
     </span>
    </p>
   </div>
   <div class='ocr_carea' id='block_1_6' title="bbox 57 1404 1166 2286">
    <p class='ocr_par' dir='ltr' id='par_1_6' title="bbox 92 1404 1166 1836">
     <span class='ocr_line' id='line_1_8' title="bbox 179 1404 1166 1491; baseline 0.005 -23"><span class='ocrx_word' id='word_1_39' title='bbox 179 1404 217 1468; x_wconf 83' lang='lat' dir='ltr'><strong>Et</strong></span> <span class='ocrx_word' id='word_1_40' title='bbox 238 1406 356 1487; x_wconf 88' lang='lat' dir='ltr'><strong>quidem</strong></span> <span class='ocrx_word' id='word_1_41' title='bbox 378 1408 437 1470; x_wconf 81' lang='lat' dir='ltr'><strong>isto</strong></span> <span class='ocrx_word' id='word_1_42' title='bbox 459 1410 490 1470; x_wconf 90' lang='lat' dir='ltr'><strong>in</strong></span> <span class='ocrx_word' id='word_1_43' title='bbox 513 1409 581 1470; x_wconf 87' lang='lat' dir='ltr'><strong>loeo</strong></span> <span class='ocrx_word' id='word_1_44' title='bbox 598 1407 625 1485; x_wconf 91' lang='lat'><strong>¹)</strong></span> <span class='ocrx_word' id='word_1_45' title='bbox 649 1425 705 1488; x_wconf 96' lang='lat' dir='ltr'><strong>pro</strong></span> <span class='ocrx_word' id='word_1_46' title='bbox 728 1407 851 1486; x_wconf 85' lang='lat' dir='ltr'><strong>timore,</strong></span> <span class='ocrx_word' id='word_1_47' title='bbox 879 1404 883 1491; x_wconf 70' lang='lat' dir='ltr'><strong>i</strong></span> <span class='ocrx_word' id='word_1_48' title='bbox 909 1427 997 1488; x_wconf 88' lang='lat' dir='ltr'><strong>quem</strong></span> <span class='ocrx_word' id='word_1_49' title='bbox 1025 1411 1112 1473; x_wconf 88' lang='lat' dir='ltr'><strong>nobis</strong></span> <span class='ocrx_word' id='word_1_50' title='bbox 1127 1419 1166 1464; x_wconf 78' lang='lat'><strong>1⁷8</strong></span> 
     </span>
     <span class='ocr_line' id='line_1_9' title="bbox 92 1517 1114 1612; baseline 0.006 -32"><span class='ocrx_word' id='word_1_51' title='bbox 92 1517 167 1582; x_wconf 80' lang='lat' dir='ltr'><strong>fides</strong></span> <span class='ocrx_word' id='word_1_52' title='bbox 190 1522 336 1604; x_wconf 77' lang='lat' dir='ltr'><strong>suggerit,</strong></span> <span class='ocrx_word' id='word_1_53' title='bbox 358 1539 415 1604; x_wconf 93' lang='lat' dir='ltr'><strong>pro</strong></span> <span class='ocrx_word' id='word_1_54' title='bbox 438 1521 608 1601; x_wconf 76' lang='lat' dir='ltr'><strong>dilectione,</strong></span> <span class='ocrx_word' id='word_1_55' title='bbox 633 1541 721 1603; x_wconf 88' lang='lat' dir='ltr'><strong>quam</strong></span> <span class='ocrx_word' id='word_1_56' title='bbox 739 1521 908 1586; x_wconf 80' lang='lat' dir='ltr'><strong>fraternitas</strong></span> <span class='ocrx_word' id='word_1_57' title='bbox 925 1524 1027 1612; x_wconf 85' lang='lat' dir='ltr'><strong>exigit,</strong></span> <span class='ocrx_word' id='word_1_58' title='bbox 1052 1543 1114 1588; x_wconf 91' lang='lat' dir='ltr'><strong>non</strong></span> 
     </span>
     <span class='ocr_line' id='line_1_10' title="bbox 93 1633 1114 1719; baseline 0.008 -25"><span class='ocrx_word' id='word_1_59' title='bbox 93 1633 228 1715; x_wconf 82' lang='lat' dir='ltr'><strong>virgines</strong></span> <span class='ocrx_word' id='word_1_60' title='bbox 251 1642 365 1699; x_wconf 88' lang='lat' dir='ltr'><strong>tantum</strong></span> <span class='ocrx_word' id='word_1_61' title='bbox 387 1645 438 1700; x_wconf 84' lang='lat' dir='ltr'><strong>aut</strong></span> <span class='ocrx_word' id='word_1_62' title='bbox 460 1636 575 1716; x_wconf 85' lang='lat' dir='ltr'><strong>viduas,</strong></span> <span class='ocrx_word' id='word_1_63' title='bbox 602 1635 657 1699; x_wconf 91' lang='lat' dir='ltr'><strong>sed</strong></span> <span class='ocrx_word' id='word_1_64' title='bbox 681 1642 711 1699; x_wconf 91' lang='lat' dir='ltr'><strong>et</strong></span> <span class='ocrx_word' id='word_1_65' title='bbox 732 1644 839 1719; x_wconf 87' lang='lat' dir='ltr'><strong>nuptas</strong></span> <span class='ocrx_word' id='word_1_66' title='bbox 862 1644 933 1718; x_wconf 92' lang='lat' dir='ltr'><strong>puto</strong></span> <span class='ocrx_word' id='word_1_67' title='bbox 958 1645 987 1701; x_wconf 88' lang='lat' dir='ltr'><strong>et</strong></span> <span class='ocrx_word' id='word_1_68' title='bbox 1010 1657 1114 1703; x_wconf 87' lang='lat' dir='ltr'><strong>omnes</strong></span> 
     </span>
     <span class='ocr_line' id='line_1_11' title="bbox 95 1749 1115 1836; baseline 0.003 -24"><span class='ocrx_word' id='word_1_69' title='bbox 95 1749 217 1812; x_wconf 92' lang='lat' dir='ltr'><strong>omnino</strong></span> <span class='ocrx_word' id='word_1_70' title='bbox 248 1749 373 1815; x_wconf 87' lang='lat' dir='ltr'><strong>feminas</strong></span> <span class='ocrx_word' id='word_1_71' title='bbox 404 1752 606 1816; x_wconf 83' lang='lat' dir='ltr'><strong>admonendas</strong></span> <span class='ocrx_word' id='word_1_72' title='bbox 639 1752 720 1834; x_wconf 90' lang='lat' dir='ltr'><strong>quod</strong></span> <span class='ocrx_word' id='word_1_73' title='bbox 751 1771 826 1836; x_wconf 90' lang='lat' dir='ltr'><strong>opus</strong></span> <span class='ocrx_word' id='word_1_74' title='bbox 858 1753 908 1815; x_wconf 92' lang='lat' dir='ltr'><strong>dei</strong></span> <span class='ocrx_word' id='word_1_75' title='bbox 938 1759 969 1816; x_wconf 89' lang='lat' dir='ltr'><strong>et</strong></span> <span class='ocrx_word' id='word_1_76' title='bbox 1001 1753 1115 1815; x_wconf 88' lang='lat' dir='ltr'><strong>iactura</strong></span> 
     </span>
    </p>

    <p class='ocr_par' dir='ltr' id='par_1_7' title="bbox 57 1863 1117 2286">
     <span class='ocr_line' id='line_1_12' title="bbox 57 1863 1114 1945; baseline 0.006 -23"><span class='ocrx_word' id='word_1_77' title='bbox 57 1879 81 1922; x_wconf 81' lang='lat' dir='ltr'><strong>ro</strong></span> <span class='ocrx_word' id='word_1_78' title='bbox 95 1863 160 1926; x_wconf 89' lang='lat' dir='ltr'><strong>eius</strong></span> <span class='ocrx_word' id='word_1_79' title='bbox 191 1870 221 1926; x_wconf 89' lang='lat' dir='ltr'><strong>et</strong></span> <span class='ocrx_word' id='word_1_80' title='bbox 253 1864 377 1945; x_wconf 87' lang='lat' dir='ltr'><strong>plastica</strong></span> <span class='ocrx_word' id='word_1_81' title='bbox 411 1863 572 1927; x_wconf 88' lang='lat' dir='ltr'><strong>adulterari</strong></span> <span class='ocrx_word' id='word_1_82' title='bbox 595 1864 687 1927; x_wconf 77' lang='lat' dir='ltr'><strong>‘nullo</strong></span> <span class='ocrx_word' id='word_1_83' title='bbox 722 1865 811 1927; x_wconf 92' lang='lat' dir='ltr'><strong>modo</strong></span> <span class='ocrx_word' id='word_1_84' title='bbox 845 1865 952 1928; x_wconf 89' lang='lat' dir='ltr'><strong>debeat</strong></span> <span class='ocrx_word' id='word_1_85' title='bbox 985 1864 1114 1928; x_wconf 90' lang='lat' dir='ltr'><strong>adhibito</strong></span> 
     </span>
     <span class='ocr_line' id='line_1_13' title="bbox 93 1965 1116 2061; baseline 0.002 -22"><span class='ocrx_word' id='word_1_86' title='bbox 93 1976 172 2039; x_wconf 86' lang='lat' dir='ltr'><strong>ssavo</strong></span> <span class='ocrx_word' id='word_1_87' title='bbox 205 1977 308 2040; x_wconf 88' lang='lat' dir='ltr'><strong>colore</strong></span> <span class='ocrx_word' id='word_1_88' title='bbox 336 1977 386 2039; x_wconf 91' lang='lat' dir='ltr'><strong>vel</strong></span> <span class='ocrx_word' id='word_1_89' title='bbox 416 1979 505 2061; x_wconf 85' lang='lat' dir='ltr'><strong>nigro</strong></span> <span class='ocrx_word' id='word_1_90' title='bbox 537 1977 662 2060; x_wconf 87' lang='lat' dir='ltr'><strong>pulvere</strong></span> <span class='ocrx_word' id='word_1_91' title='bbox 692 1978 740 2040; x_wconf 84' lang='lat' dir='ltr'><strong>vel</strong></span> <span class='ocrx_word' id='word_1_92' title='bbox 769 1979 882 2040; x_wconf 90' lang='lat' dir='ltr'><strong>rubore</strong></span> <span class='ocrx_word' id='word_1_93' title='bbox 908 1965 965 2040; x_wconf 48' lang='lat' dir='ltr'><strong>aut¹</strong></span> <span class='ocrx_word' id='word_1_94' title='bbox 982 1978 1116 2058; x_wconf 87' lang='lat' dir='ltr'><strong>quolibet</strong></span> 
     </span>
     <span class='ocr_line' id='line_1_14' title="bbox 95 2089 1116 2172; baseline 0 -20"><span class='ocrx_word' id='word_1_95' title='bbox 95 2089 226 2171; x_wconf 88' lang='lat' dir='ltr'><strong>denique</strong></span> <span class='ocrx_word' id='word_1_96' title='bbox 246 2092 416 2155; x_wconf 90' lang='lat' dir='ltr'><strong>liniamenta</strong></span> <span class='ocrx_word' id='word_1_97' title='bbox 438 2093 537 2154; x_wconf 83' lang='lat' dir='ltr'><strong>nativa</strong></span> <span class='ocrx_word' id='word_1_98' title='bbox 561 2095 772 2172; x_wconf 84' lang='lat' dir='ltr'><strong>corrumpente</strong></span> <span class='ocrx_word' id='word_1_99' title='bbox 796 2090 999 2154; x_wconf 90' lang='lat' dir='ltr'><strong>medicamine.</strong></span> <span class='ocrx_word' id='word_1_100' title='bbox 1039 2091 1116 2154; x_wconf 88' lang='lat' dir='ltr'><strong>Dicit</strong></span> 
     </span>
     <span class='ocr_line' id='line_1_15' title="bbox 96 2201 1117 2286; baseline 0.001 -20"><span class='ocrx_word' id='word_1_101' title='bbox 96 2203 171 2268; x_wconf 88' lang='lat' dir='ltr'><strong>deus</strong></span> <span class='ocrx_word' id='word_1_102' title='bbox 182 2201 225 2283; x_wconf 82' lang='lat'><strong>²):</strong></span> <span class='ocrx_word' id='word_1_103' title='bbox 248 2207 413 2268; x_wconf 74' lang='lat' dir='ltr'><strong>Faciamus</strong></span> <span class='ocrx_word' id='word_1_104' title='bbox 435 2205 585 2269; x_wconf 80' lang='lat' dir='ltr'><strong>dominam</strong></span> <span class='ocrx_word' id='word_1_105' title='bbox 604 2204 648 2268; x_wconf 87' lang='lat' dir='ltr'><strong>ad</strong></span> <span class='ocrx_word' id='word_1_106' title='bbox 662 2206 826 2286; x_wconf 80' lang='lat' dir='ltr'><strong>imapa&#39;nenr</strong></span> <span class='ocrx_word' id='word_1_107' title='bbox 841 2213 872 2266; x_wconf 86' lang='lat' dir='ltr'><strong>et</strong></span> <span class='ocrx_word' id='word_1_108' title='bbox 885 2205 1117 2270; x_wconf 75' lang='lat' dir='ltr'><strong>similitudinem</strong></span> 
     </span>
    </p>
   </div>
   <div class='ocr_carea' id='block_1_7' title="bbox 96 2411 1123 2660">
    <p class='ocr_par' dir='ltr' id='par_1_8' title="bbox 96 2411 1123 2660">
     <span class='ocr_line' id='line_1_16' title="bbox 96 2411 1114 2482; baseline 0.003 -20"><span class='ocrx_word' id='word_1_109' title='bbox 96 2419 179 2462; x_wconf 85' lang='lat' dir='ltr'><strong>matur</strong></span> <span class='ocrx_word' id='word_1_110' title='bbox 202 2412 271 2482; x_wconf 78' lang='lat' dir='ltr'><strong>vulg.</strong></span> <span class='ocrx_word' id='word_1_111' title='bbox 297 2412 376 2465; x_wconf 86' lang='lat' dir='ltr'><strong>lectio</strong></span> <span class='ocrx_word' id='word_1_112' title='bbox 401 2413 474 2466; x_wconf 86' lang='lat' dir='ltr'><strong>aimiii</strong></span> <span class='ocrx_word' id='word_1_113' title='bbox 496 2413 555 2466; x_wconf 84' lang='lat' dir='ltr'><strong>loeo</strong></span> <span class='ocrx_word' id='word_1_114' title='bbox 579 2412 637 2464; x_wconf 88' lang='lat' dir='ltr'><strong>libri</strong></span> <span class='ocrx_word' id='word_1_115' title='bbox 662 2413 694 2479; x_wconf 83' lang='lat' dir='ltr'><strong>de</strong></span> <span class='ocrx_word' id='word_1_116' title='bbox 718 2411 845 2464; x_wconf 85' lang='lat' dir='ltr'><strong>idolorum</strong></span> <span class='ocrx_word' id='word_1_117' title='bbox 868 2415 981 2466; x_wconf 88' lang='lat' dir='ltr'><strong>vanitate</strong></span> <span class='ocrx_word' id='word_1_118' title='bbox 1003 2432 1028 2482; x_wconf 94' lang='lat' dir='ltr'><strong>p.</strong></span> <span class='ocrx_word' id='word_1_119' title='bbox 1055 2413 1114 2466; x_wconf 91' lang='grc'><strong>226.</strong></span> 
     </span>
     <span class='ocr_line' id='line_1_17' title="bbox 96 2499 1117 2572; baseline 0.003 -22"><span class='ocrx_word' id='word_1_120' title='bbox 96 2499 113 2550; x_wconf 91' lang='lat' dir='ltr'><strong>i.</strong></span> <span class='ocrx_word' id='word_1_121' title='bbox 127 2499 240 2567; x_wconf 81' lang='grc'><strong>32-33,</strong></span> <span class='ocrx_word' id='word_1_122' title='bbox 259 2501 302 2554; x_wconf 90' lang='lat' dir='ltr'><strong>ubi</strong></span> <span class='ocrx_word' id='word_1_123' title='bbox 318 2500 384 2554; x_wconf 88' lang='lat' dir='ltr'><strong>haec</strong></span> <span class='ocrx_word' id='word_1_124' title='bbox 401 2509 471 2552; x_wconf 84' lang='lat' dir='ltr'><strong>aaut:</strong></span> <span class='ocrx_word' id='word_1_125' title='bbox 488 2511 580 2572; x_wconf 74' lang='lat' dir='ltr'><strong>posteo</strong></span> <span class='ocrx_word' id='word_1_126' title='bbox 599 2519 676 2570; x_wconf 83' lang='lat' dir='ltr'><strong>quam</strong></span> <span class='ocrx_word' id='word_1_127' title='bbox 694 2505 807 2555; x_wconf 73' lang='lat' dir='ltr'><strong>terrentia</strong></span> <span class='ocrx_word' id='word_1_128' title='bbox 826 2505 903 2557; x_wconf 81' lang='lat' dir='ltr'><strong>aitiia</strong></span> <span class='ocrx_word' id='word_1_129' title='bbox 920 2505 1034 2556; x_wconf 70' lang='lat' dir='ltr'><strong>inmersi</strong></span> <span class='ocrx_word' id='word_1_130' title='bbox 1051 2509 1117 2555; x_wconf 84' lang='lat' dir='ltr'><strong>aunt</strong></span> 
     </span>
     <span class='ocr_line' id='line_1_18' title="bbox 97 2586 1123 2660; baseline 0 -20"><span class='ocrx_word' id='word_1_131' title='bbox 97 2596 122 2640; x_wconf 78' lang='lat' dir='ltr'><strong>et</strong></span> <span class='ocrx_word' id='word_1_132' title='bbox 139 2591 266 2658; x_wconf 80' lang='lat' dir='ltr'><strong>ovipara</strong></span> <span class='ocrx_word' id='word_1_133' title='bbox 286 2593 394 2644; x_wconf 78' lang='lat' dir='ltr'><strong>cocleata&#39;</strong></span> <span class='ocrx_word' id='word_1_134' title='bbox 418 2600 522 2644; x_wconf 81' lang='lat' dir='ltr'><strong>terreno</strong></span> <span class='ocrx_word' id='word_1_135' title='bbox 548 2593 668 2660; x_wconf 78' lang='lat' dir='ltr'><strong>cantapia</strong></span> <span class='ocrx_word' id='word_1_136' title='bbox 690 2601 868 2646; x_wconf 80' lang='lat' dir='ltr'><strong>raceoaerunt.</strong></span> <span class='ocrx_word' id='word_1_137' title='bbox 912 2590 943 2658; x_wconf 79' lang='lat'><strong>4)</strong></span> <span class='ocrx_word' id='word_1_138' title='bbox 960 2593 1020 2644; x_wconf 79' lang='lat' dir='ltr'><strong>ittie</strong></span> <span class='ocrx_word' id='word_1_139' title='bbox 1040 2589 1072 2641; x_wconf 87' lang='lat' dir='ltr'>W</span> <span class='ocrx_word' id='word_1_140' title='bbox 1091 2586 1123 2642; x_wconf 72' lang='lat' dir='ltr'><strong>at&#39;</strong></span> 
     </span>
    </p>
   </div>
   <div class='ocr_carea' id='block_1_8' title="bbox 97 2679 1115 2819">
    <p class='ocr_par' dir='ltr' id='par_1_9' title="bbox 97 2679 1115 2819">
     <span class='ocr_line' id='line_1_19' title="bbox 97 2679 1115 2819; baseline 0.006 -23"><span class='ocrx_word' id='word_1_141' title='bbox 97 2743 146 2796; x_wconf 81' lang='lat' dir='ltr'><strong>ita.</strong></span> <span class='ocrx_word' id='word_1_142' title='bbox 182 2679 383 2802; x_wconf 53' lang='lat' dir='ltr'><strong>defamem</strong></span> <span class='ocrx_word' id='word_1_143' title='bbox 398 2747 519 2819; x_wconf 75' lang='lat' dir='ltr'><strong>(adprore</strong></span> <span class='ocrx_word' id='word_1_144' title='bbox 536 2748 568 2800; x_wconf 90' lang='lat' dir='ltr'><strong>ab</strong></span> <span class='ocrx_word' id='word_1_145' title='bbox 586 2764 607 2801; x_wconf 88' lang='lat' dir='ltr'><strong>r.</strong></span> <span class='ocrx_word' id='word_1_146' title='bbox 626 2765 659 2801; x_wconf 88' lang='lat' dir='ltr'><strong>m.</strong></span> <span class='ocrx_word' id='word_1_147' title='bbox 678 2750 817 2816; x_wconf 77' lang='lat' dir='ltr'><strong>superocr.)</strong></span> <span class='ocrx_word' id='word_1_148' title='bbox 840 2748 894 2814; x_wconf 84' lang='lat' dir='ltr'><strong>Mc,</strong></span> <span class='ocrx_word' id='word_1_149' title='bbox 919 2751 1028 2818; x_wconf 78' lang='lat' dir='ltr'><strong>niprore</strong></span> <span class='ocrx_word' id='word_1_150' title='bbox 1049 2751 1115 2818; x_wconf 83' lang='lat' dir='ltr'><strong>pni-</strong></span> 
     </span>
    </p>
   </div>
   <div class='ocr_carea' id='block_1_9' title="bbox 96 2839 1117 2977">
    <p class='ocr_par' dir='ltr' id='par_1_10' title="bbox 96 2839 1117 2977">
     <span class='ocr_line' id='line_1_20' title="bbox 96 2839 1117 2977; baseline -0.003 -16"><span class='ocrx_word' id='word_1_151' title='bbox 96 2909 172 2962; x_wconf 81' lang='lat' dir='ltr'><strong>acria</strong></span> <span class='ocrx_word' id='word_1_152' title='bbox 191 2907 247 2960; x_wconf 87' lang='lat' dir='ltr'><strong>cod.</strong></span> <span class='ocrx_word' id='word_1_153' title='bbox 266 2887 292 2960; x_wconf 76' lang='lat' dir='ltr'><strong>S.</strong></span> <span class='ocrx_word' id='word_1_154' title='bbox 311 2905 396 2959; x_wconf 79' lang='lat' dir='ltr'><strong>Albini</strong></span> <span class='ocrx_word' id='word_1_155' title='bbox 414 2921 454 2972; x_wconf 89' lang='lat' dir='ltr'><strong>ap.</strong></span> <span class='ocrx_word' id='word_1_156' title='bbox 473 2902 571 2970; x_wconf 76' lang='lat' dir='ltr'><strong>Baium,</strong></span> <span class='ocrx_word' id='word_1_157' title='bbox 589 2908 667 2976; x_wconf 72' lang='lat' dir='ltr'><strong>niprc</strong></span> <span class='ocrx_word' id='word_1_158' title='bbox 686 2911 806 2976; x_wconf 61' lang='lat' dir='ltr'><strong>rapidiore</strong></span> <span class='ocrx_word' id='word_1_159' title='bbox 817 2904 849 2971; x_wconf 78' lang='lat' dir='ltr'><strong>A,</strong></span> <span class='ocrx_word' id='word_1_160' title='bbox 866 2839 954 2977; x_wconf 45' lang='lat' dir='ltr'><strong>apem,</strong></span> <span class='ocrx_word' id='word_1_161' title='bbox 974 2924 1005 2960; x_wconf 85' lang='lat' dir='ltr'><strong>ra</strong></span> <span class='ocrx_word' id='word_1_162' title='bbox 1022 2851 1117 2976; x_wconf 55' lang='lat' dir='ltr'><strong>fugare</strong></span> 
     </span>
    </p>
   </div>
   <div class='ocr_carea' id='block_1_10' title="bbox 50 2991 1118 4112">
    <p class='ocr_par' dir='ltr' id='par_1_11' title="bbox 96 2991 1117 3311">
     <span class='ocr_line' id='line_1_21' title="bbox 99 2991 1117 3066; baseline -0.002 -16"><span class='ocrx_word' id='word_1_163' title='bbox 99 2997 189 3066; x_wconf 79' lang='lat' dir='ltr'><strong>(pudeo</strong></span> <span class='ocrx_word' id='word_1_164' title='bbox 214 3004 240 3047; x_wconf 86' lang='lat' dir='ltr'><strong>et</strong></span> <span class='ocrx_word' id='word_1_165' title='bbox 265 3013 279 3048; x_wconf 87' lang='lat' dir='ltr'><strong>c</strong></span> <span class='ocrx_word' id='word_1_166' title='bbox 304 3011 319 3046; x_wconf 92' lang='lat' dir='ltr'><strong>a</strong></span> <span class='ocrx_word' id='word_1_167' title='bbox 343 3009 363 3046; x_wconf 90' lang='lat' dir='ltr'><strong>r.</strong></span> <span class='ocrx_word' id='word_1_168' title='bbox 383 3010 416 3045; x_wconf 87' lang='lat' dir='ltr'><strong>m.</strong></span> <span class='ocrx_word' id='word_1_169' title='bbox 434 3009 511 3061; x_wconf 85' lang='lat' dir='ltr'><strong>supra</strong></span> <span class='ocrx_word' id='word_1_170' title='bbox 535 2993 640 3062; x_wconf 85' lang='lat' dir='ltr'><strong>additia)</strong></span> <span class='ocrx_word' id='word_1_171' title='bbox 664 2993 715 3046; x_wconf 84' lang='lat' dir='ltr'><strong>Mb.</strong></span> <span class='ocrx_word' id='word_1_172' title='bbox 758 2993 831 3046; x_wconf 84' lang='lat' dir='ltr'><strong>Cani.</strong></span> <span class='ocrx_word' id='word_1_173' title='bbox 852 2991 914 3060; x_wconf 86' lang='lat' dir='ltr'><strong>Cap.</strong></span> <span class='ocrx_word' id='word_1_174' title='bbox 933 3010 987 3062; x_wconf 82' lang='lat' dir='ltr'><strong>aeq.</strong></span> <span class='ocrx_word' id='word_1_175' title='bbox 1013 2998 1117 3064; x_wconf 78' lang='lat' dir='ltr'><strong>Faparc</strong></span> 
     </span>
     <span class='ocr_line' id='line_1_22' title="bbox 96 3080 1117 3150; baseline 0 -18"><span class='ocrx_word' id='word_1_176' title='bbox 96 3098 231 3150; x_wconf 83' lang='lat' dir='ltr'><strong>perperam</strong></span> <span class='ocrx_word' id='word_1_177' title='bbox 249 3081 278 3134; x_wconf 90' lang='lat' dir='ltr'><strong>B.</strong></span> <span class='ocrx_word' id='word_1_178' title='bbox 314 3080 393 3133; x_wconf 90' lang='lat' dir='ltr'><strong>Paulo</strong></span> <span class='ocrx_word' id='word_1_179' title='bbox 417 3089 475 3149; x_wconf 87' lang='lat' dir='ltr'><strong>poai</strong></span> <span class='ocrx_word' id='word_1_180' title='bbox 494 3080 554 3135; x_wconf 85' lang='lat' dir='ltr'><strong>Ver.</strong></span> <span class='ocrx_word' id='word_1_181' title='bbox 574 3081 652 3133; x_wconf 84' lang='lat' dir='ltr'><strong>habet</strong></span> <span class='ocrx_word' id='word_1_182' title='bbox 676 3084 814 3135; x_wconf 76' lang='lat' dir='ltr'><strong>adulteria.</strong></span> <span class='ocrx_word' id='word_1_183' title='bbox 851 3080 912 3132; x_wconf 88' lang='lat' dir='ltr'><strong>Tum</strong></span> <span class='ocrx_word' id='word_1_184' title='bbox 937 3082 1005 3147; x_wconf 86' lang='lat' dir='ltr'><strong>priua</strong></span> <span class='ocrx_word' id='word_1_185' title='bbox 1026 3090 1050 3134; x_wconf 84' lang='lat' dir='ltr'><strong>et</strong></span> <span class='ocrx_word' id='word_1_186' title='bbox 1067 3097 1117 3132; x_wconf 85' lang='lat' dir='ltr'><strong>om.</strong></span> 
     </span>
     <span class='ocr_line' id='line_1_23' title="bbox 97 3165 1117 3237; baseline 0.003 -17"><span class='ocrx_word' id='word_1_187' title='bbox 97 3169 148 3220; x_wconf 83' lang='lat' dir='ltr'><strong>mh.</strong></span> <span class='ocrx_word' id='word_1_188' title='bbox 184 3167 282 3221; x_wconf 81' lang='lat' dir='ltr'><strong>Eadem</strong></span> <span class='ocrx_word' id='word_1_189' title='bbox 307 3169 431 3237; x_wconf 85' lang='lat' dir='ltr'><strong>particula</strong></span> <span class='ocrx_word' id='word_1_190' title='bbox 457 3176 515 3222; x_wconf 85' lang='lat' dir='ltr'><strong>ante</strong></span> <span class='ocrx_word' id='word_1_191' title='bbox 540 3172 598 3224; x_wconf 77' lang='lat' dir='ltr'><strong>oria</strong></span> <span class='ocrx_word' id='word_1_192' title='bbox 623 3170 648 3222; x_wconf 88' lang='lat' dir='ltr'><strong>iu</strong></span> <span class='ocrx_word' id='word_1_193' title='bbox 667 3170 690 3220; x_wconf 82' lang='lat' dir='ltr'>A</span> <span class='ocrx_word' id='word_1_194' title='bbox 709 3176 834 3236; x_wconf 85' lang='lat' dir='ltr'><strong>expuncta</strong></span> <span class='ocrx_word' id='word_1_195' title='bbox 856 3175 902 3220; x_wconf 88' lang='lat' dir='ltr'><strong>eat.</strong></span> <span class='ocrx_word' id='word_1_196' title='bbox 939 3165 1005 3219; x_wconf 84' lang='lat' dir='ltr'><strong>Dein</strong></span> <span class='ocrx_word' id='word_1_197' title='bbox 1022 3171 1117 3222; x_wconf 78' lang='lat' dir='ltr'><strong>eoric-</strong></span> 
     </span>
     <span class='ocr_line' id='line_1_24' title="bbox 98 3255 404 3311; baseline -0.003 0"><span class='ocrx_word' id='word_1_198' title='bbox 98 3266 175 3311; x_wconf 85' lang='lat' dir='ltr'><strong>tatem</strong></span> <span class='ocrx_word' id='word_1_199' title='bbox 193 3258 313 3310; x_wconf 76' lang='lat' dir='ltr'><strong>scribitur</strong></span> <span class='ocrx_word' id='word_1_200' title='bbox 330 3259 355 3310; x_wconf 90' lang='lat' dir='ltr'><strong>iu</strong></span> <span class='ocrx_word' id='word_1_201' title='bbox 374 3255 404 3310; x_wconf 90' lang='lat' dir='ltr'><strong>B.</strong></span> 
     </span>
    </p>

    <p class='ocr_par' dir='ltr' id='par_1_12' title="bbox 50 3341 1118 4112">
     <span class='ocr_line' id='line_1_25' title="bbox 50 3341 1117 3413; baseline -0.004 -18"><span class='ocrx_word' id='word_1_202' title='bbox 50 3357 56 3367; x_wconf 90' lang='lat'><em>·</em></span> <span class='ocrx_word' id='word_1_203' title='bbox 167 3343 219 3397; x_wconf 82' lang='lat' dir='ltr'><strong>xii.</strong></span> <span class='ocrx_word' id='word_1_204' title='bbox 250 3344 277 3409; x_wconf 93' lang='grc'><strong>1)</strong></span> <span class='ocrx_word' id='word_1_205' title='bbox 297 3348 349 3399; x_wconf 82' lang='lat' dir='ltr'><strong>iata</strong></span> <span class='ocrx_word' id='word_1_206' title='bbox 367 3347 424 3398; x_wconf 80' lang='lat' dir='ltr'><strong>dcco</strong></span> <span class='ocrx_word' id='word_1_207' title='bbox 442 3343 484 3396; x_wconf 87' lang='lat' dir='ltr'><strong>Fr.</strong></span> <span class='ocrx_word' id='word_1_208' title='bbox 504 3342 584 3396; x_wconf 89' lang='lat' dir='ltr'><strong>Emm.</strong></span> <span class='ocrx_word' id='word_1_209' title='bbox 606 3345 629 3395; x_wconf 90' lang='grc'><strong>1.</strong></span> <span class='ocrx_word' id='word_1_210' title='bbox 666 3341 728 3395; x_wconf 82' lang='lat' dir='ltr'><strong>Tum</strong></span> <span class='ocrx_word' id='word_1_211' title='bbox 746 3345 850 3413; x_wconf 78' lang='lat' dir='ltr'><strong>coperit</strong></span> <span class='ocrx_word' id='word_1_212' title='bbox 867 3341 908 3393; x_wconf 84' lang='lat' dir='ltr'><strong>Mo</strong></span> <span class='ocrx_word' id='word_1_213' title='bbox 933 3349 958 3393; x_wconf 87' lang='lat' dir='ltr'><strong>et</strong></span> <span class='ocrx_word' id='word_1_214' title='bbox 981 3344 1050 3396; x_wconf 74' lang='lat' dir='ltr'><strong>exiit</strong></span> <span class='ocrx_word' id='word_1_215' title='bbox 1071 3356 1117 3410; x_wconf 93' lang='lat' dir='ltr'><strong>pro</strong></span> 
     </span>
     <span class='ocr_line' id='line_1_26' title="bbox 97 3427 1118 3502; baseline -0.001 -17"><span class='ocrx_word' id='word_1_216' title='bbox 97 3434 183 3502; x_wconf 73' lang='lat' dir='ltr'><strong>occipit</strong></span> <span class='ocrx_word' id='word_1_217' title='bbox 199 3431 241 3485; x_wconf 90' lang='lat' dir='ltr'><strong>Fr.</strong></span> <span class='ocrx_word' id='word_1_218' title='bbox 260 3431 341 3486; x_wconf 88' lang='lat' dir='ltr'><strong>Emm.</strong></span> <span class='ocrx_word' id='word_1_219' title='bbox 361 3431 385 3483; x_wconf 86' lang='lat'><strong>1.</strong></span> <span class='ocrx_word' id='word_1_220' title='bbox 421 3431 480 3483; x_wconf 84' lang='lat' dir='ltr'><strong>Mox</strong></span> <span class='ocrx_word' id='word_1_221' title='bbox 505 3435 604 3486; x_wconf 81' lang='lat' dir='ltr'><strong>nodtoa</strong></span> <span class='ocrx_word' id='word_1_222' title='bbox 627 3428 664 3495; x_wconf 90' lang='lat' dir='ltr'><strong>B,</strong></span> <span class='ocrx_word' id='word_1_223' title='bbox 691 3433 808 3500; x_wconf 70' lang='lat' dir='ltr'><strong>nupcias</strong></span> <span class='ocrx_word' id='word_1_224' title='bbox 827 3427 869 3480; x_wconf 65' lang='lat' dir='ltr'><strong>A:</strong></span> <span class='ocrx_word' id='word_1_225' title='bbox 894 3427 961 3480; x_wconf 86' lang='lat' dir='ltr'><strong>Dein</strong></span> <span class='ocrx_word' id='word_1_226' title='bbox 986 3433 1118 3498; x_wconf 74' lang='lat' dir='ltr'><strong>faeminea</strong></span> 
     </span>
     <span class='ocr_line' id='line_1_27' title="bbox 98 3514 1118 3586; baseline 0.002 -17"><span class='ocrx_word' id='word_1_227' title='bbox 98 3517 151 3583; x_wconf 83' lang='lat' dir='ltr'><strong>dib,</strong></span> <span class='ocrx_word' id='word_1_228' title='bbox 169 3522 285 3586; x_wconf 70' lang='lat' dir='ltr'><strong>[aminea</strong></span> <span class='ocrx_word' id='word_1_229' title='bbox 303 3523 409 3574; x_wconf 81' lang='lat' dir='ltr'><strong>omnino</strong></span> <span class='ocrx_word' id='word_1_230' title='bbox 429 3521 616 3572; x_wconf 83' lang='lat' dir='ltr'><strong>ommonendaa</strong></span> <span class='ocrx_word' id='word_1_231' title='bbox 630 3517 688 3569; x_wconf 84' lang='lat' dir='ltr'><strong>edd.</strong></span> <span class='ocrx_word' id='word_1_232' title='bbox 701 3525 764 3568; x_wconf 88' lang='lat' dir='ltr'><strong>vett.</strong></span> <span class='ocrx_word' id='word_1_233' title='bbox 779 3524 804 3568; x_wconf 83' lang='lat' dir='ltr'><strong>et</strong></span> <span class='ocrx_word' id='word_1_234' title='bbox 815 3514 914 3580; x_wconf 86' lang='lat' dir='ltr'><strong>Remb.,</strong></span> <span class='ocrx_word' id='word_1_235' title='bbox 933 3521 1118 3571; x_wconf 77' lang='lat' dir='ltr'><strong>anemoneodaa</strong></span> 
     </span>
     <span class='ocr_line' id='line_1_28' title="bbox 99 3602 1118 3674; baseline -0.001 -18"><span class='ocrx_word' id='word_1_236' title='bbox 99 3607 176 3656; x_wconf 86' lang='lat' dir='ltr'><strong>etiam</strong></span> <span class='ocrx_word' id='word_1_237' title='bbox 188 3604 209 3657; x_wconf 90' lang='lat' dir='ltr'>B</span> <span class='ocrx_word' id='word_1_238' title='bbox 223 3615 248 3658; x_wconf 85' lang='lat' dir='ltr'><strong>et</strong></span> <span class='ocrx_word' id='word_1_239' title='bbox 260 3605 302 3658; x_wconf 83' lang='lat' dir='ltr'><strong>Md</strong></span> <span class='ocrx_word' id='word_1_240' title='bbox 314 3623 336 3660; x_wconf 89' lang='lat' dir='ltr'><strong>c.</strong></span> <span class='ocrx_word' id='word_1_241' title='bbox 350 3606 391 3660; x_wconf 80' lang='lat' dir='ltr'><strong>ed.</strong></span> <span class='ocrx_word' id='word_1_242' title='bbox 405 3604 504 3658; x_wconf 83' lang='lat' dir='ltr'><strong>Eraam.</strong></span> <span class='ocrx_word' id='word_1_243' title='bbox 544 3603 593 3655; x_wconf 89' lang='lat' dir='ltr'><strong>Pro</strong></span> <span class='ocrx_word' id='word_1_244' title='bbox 611 3609 718 3674; x_wconf 75' lang='lat' dir='ltr'><strong>facturo</strong></span> <span class='ocrx_word' id='word_1_245' title='bbox 730 3603 769 3654; x_wconf 85' lang='lat' dir='ltr'><strong>Mc</strong></span> <span class='ocrx_word' id='word_1_246' title='bbox 786 3608 929 3673; x_wconf 74' lang='lat' dir='ltr'><strong>factorum,</strong></span> <span class='ocrx_word' id='word_1_247' title='bbox 946 3602 988 3655; x_wconf 86' lang='lat' dir='ltr'><strong>Fr.</strong></span> <span class='ocrx_word' id='word_1_248' title='bbox 1000 3602 1080 3655; x_wconf 86' lang='lat' dir='ltr'><strong>Emm.</strong></span> <span class='ocrx_word' id='word_1_249' title='bbox 1094 3602 1118 3655; x_wconf 87' lang='lat'><strong>1.</strong></span> 
     </span>
     <span class='ocr_line' id='line_1_29' title="bbox 97 3689 1117 3764; baseline -0.001 -19"><span class='ocrx_word' id='word_1_250' title='bbox 97 3695 199 3762; x_wconf 75' lang='lat' dir='ltr'><strong>futuro.</strong></span> <span class='ocrx_word' id='word_1_251' title='bbox 236 3691 298 3745; x_wconf 82' lang='lat' dir='ltr'><strong>Tum</strong></span> <span class='ocrx_word' id='word_1_252' title='bbox 315 3698 422 3764; x_wconf 74' lang='lat' dir='ltr'><strong>plasma</strong></span> <span class='ocrx_word' id='word_1_253' title='bbox 439 3691 490 3743; x_wconf 88' lang='lat' dir='ltr'><strong>dno</strong></span> <span class='ocrx_word' id='word_1_254' title='bbox 508 3691 565 3743; x_wconf 87' lang='lat' dir='ltr'><strong>libri</strong></span> <span class='ocrx_word' id='word_1_255' title='bbox 582 3691 637 3743; x_wconf 81' lang='lat' dir='ltr'><strong>irai.</strong></span> <span class='ocrx_word' id='word_1_256' title='bbox 657 3690 732 3744; x_wconf 81' lang='lat' dir='ltr'><strong>Grau.</strong></span> <span class='ocrx_word' id='word_1_257' title='bbox 751 3689 848 3742; x_wconf 78' lang='lat' dir='ltr'><strong>morali.</strong></span> <span class='ocrx_word' id='word_1_258' title='bbox 867 3699 894 3742; x_wconf 86' lang='lat' dir='ltr'><strong>et</strong></span> <span class='ocrx_word' id='word_1_259' title='bbox 913 3693 939 3742; x_wconf 91' lang='lat' dir='ltr'><strong>in</strong></span> <span class='ocrx_word' id='word_1_260' title='bbox 957 3708 1007 3761; x_wconf 82' lang='lat' dir='ltr'><strong>urg.</strong></span> <span class='ocrx_word' id='word_1_261' title='bbox 1021 3691 1117 3744; x_wconf 84' lang='lat' dir='ltr'><strong>Eraam.</strong></span> 
     </span>
     <span class='ocr_line' id='line_1_30' title="bbox 98 3777 1118 3836; baseline -0.002 -4"><span class='ocrx_word' id='word_1_262' title='bbox 98 3779 157 3832; x_wconf 83' lang='lat' dir='ltr'><strong>Mox</strong></span> <span class='ocrx_word' id='word_1_263' title='bbox 180 3785 287 3836; x_wconf 72' lang='lat' dir='ltr'><strong>debeam</strong></span> <span class='ocrx_word' id='word_1_264' title='bbox 309 3781 355 3834; x_wconf 81' lang='lat' dir='ltr'><strong>ito.</strong></span> <span class='ocrx_word' id='word_1_265' title='bbox 380 3780 412 3833; x_wconf 82' lang='grc' dir='ltr'><strong>Α.</strong></span> <span class='ocrx_word' id='word_1_266' title='bbox 463 3779 551 3834; x_wconf 83' lang='lat' dir='ltr'><strong>Statim</strong></span> <span class='ocrx_word' id='word_1_267' title='bbox 578 3783 675 3836; x_wconf 79' lang='lat' dir='ltr'><strong>adibito</strong></span> <span class='ocrx_word' id='word_1_268' title='bbox 700 3779 740 3832; x_wconf 86' lang='lat' dir='ltr'><strong>W.</strong></span> <span class='ocrx_word' id='word_1_269' title='bbox 785 3777 833 3831; x_wconf 88' lang='lat' dir='ltr'><strong>Pro</strong></span> <span class='ocrx_word' id='word_1_270' title='bbox 860 3782 948 3832; x_wconf 81' lang='lat' dir='ltr'><strong>actore</strong></span> <span class='ocrx_word' id='word_1_271' title='bbox 970 3778 994 3829; x_wconf 82' lang='grc' dir='ltr'>Α</span> <span class='ocrx_word' id='word_1_272' title='bbox 1020 3782 1118 3832; x_wconf 74' lang='lat' dir='ltr'><strong>calore,</strong></span> 
     </span>
     <span class='ocr_line' id='line_1_31' title="bbox 97 3866 1117 3940; baseline -0.002 -20"><span class='ocrx_word' id='word_1_273' title='bbox 97 3868 201 3921; x_wconf 83' lang='lat' dir='ltr'><strong>Deinde</strong></span> <span class='ocrx_word' id='word_1_274' title='bbox 217 3873 325 3940; x_wconf 79' lang='lat' dir='ltr'><strong>niprora</strong></span> <span class='ocrx_word' id='word_1_275' title='bbox 341 3872 463 3938; x_wconf 73' lang='lat' dir='ltr'><strong>putatoria</strong></span> <span class='ocrx_word' id='word_1_276' title='bbox 481 3869 520 3922; x_wconf 87' lang='lat' dir='ltr'><strong>W.</strong></span> <span class='ocrx_word' id='word_1_277' title='bbox 539 3867 587 3920; x_wconf 80' lang='lat' dir='ltr'><strong>ita.</strong></span> <span class='ocrx_word' id='word_1_278' title='bbox 619 3866 686 3921; x_wconf 81' lang='lat' dir='ltr'><strong>Ante</strong></span> <span class='ocrx_word' id='word_1_279' title='bbox 705 3869 817 3937; x_wconf 77' lang='lat' dir='ltr'><strong>quotibet</strong></span> <span class='ocrx_word' id='word_1_280' title='bbox 834 3869 859 3918; x_wconf 89' lang='lat' dir='ltr'><strong>in</strong></span> <span class='ocrx_word' id='word_1_281' title='bbox 872 3866 913 3918; x_wconf 83' lang='lat' dir='ltr'><strong>Mb</strong></span> <span class='ocrx_word' id='word_1_282' title='bbox 932 3883 953 3919; x_wconf 89' lang='lat' dir='ltr'><strong>r.</strong></span> <span class='ocrx_word' id='word_1_283' title='bbox 972 3883 1004 3918; x_wconf 93' lang='lat' dir='ltr'><strong>m.</strong></span> <span class='ocrx_word' id='word_1_284' title='bbox 1023 3882 1117 3933; x_wconf 82' lang='lat' dir='ltr'><strong>auper-</strong></span> 
     </span>
     <span class='ocr_line' id='line_1_32' title="bbox 98 3953 1116 4025; baseline -0.003 -17"><span class='ocrx_word' id='word_1_285' title='bbox 98 3957 201 4025; x_wconf 86' lang='lat' dir='ltr'><strong>acripait</strong></span> <span class='ocrx_word' id='word_1_286' title='bbox 218 3961 281 4012; x_wconf 81' lang='lat' dir='ltr'><strong>atio.</strong></span> <span class='ocrx_word' id='word_1_287' title='bbox 316 3955 347 4024; x_wconf 76' lang='grc'><strong>2)</strong></span> <span class='ocrx_word' id='word_1_288' title='bbox 367 3973 429 4013; x_wconf 79' lang='lat' dir='ltr'><strong>cum</strong></span> <span class='ocrx_word' id='word_1_289' title='bbox 448 3959 519 4012; x_wconf 81' lang='lat' dir='ltr'><strong>dt&#39;oat</strong></span> <span class='ocrx_word' id='word_1_290' title='bbox 536 3959 602 4012; x_wconf 76' lang='lat' dir='ltr'><strong>douo</strong></span> <span class='ocrx_word' id='word_1_291' title='bbox 620 3953 652 4024; x_wconf 88' lang='lat' dir='ltr'><strong>B,</strong></span> <span class='ocrx_word' id='word_1_292' title='bbox 670 3959 736 4011; x_wconf 72' lang='lat' dir='ltr'><strong>aicit</strong></span> <span class='ocrx_word' id='word_1_293' title='bbox 753 3959 823 4011; x_wconf 77' lang='lat' dir='ltr'><strong>enim</strong></span> <span class='ocrx_word' id='word_1_294' title='bbox 842 3959 907 4010; x_wconf 78' lang='lat' dir='ltr'><strong>deca</strong></span> <span class='ocrx_word' id='word_1_295' title='bbox 925 3953 957 4007; x_wconf 76' lang='lat' dir='ltr'><strong>A.</strong></span> <span class='ocrx_word' id='word_1_296' title='bbox 992 3953 1049 4007; x_wconf 90' lang='lat' dir='ltr'><strong>Vid.</strong></span> <span class='ocrx_word' id='word_1_297' title='bbox 1063 3953 1116 4007; x_wconf 85' lang='lat' dir='ltr'><strong>Ge-</strong></span> 
     </span>
     <span class='ocr_line' id='line_1_33' title="bbox 98 4043 260 4112; baseline 0 -14"><span class='ocrx_word' id='word_1_298' title='bbox 98 4060 155 4099; x_wconf 79' lang='lat' dir='ltr'><strong>nea.</strong></span> <span class='ocrx_word' id='word_1_299' title='bbox 175 4043 199 4112; x_wconf 87' lang='grc'><strong>1,</strong></span> <span class='ocrx_word' id='word_1_300' title='bbox 217 4043 260 4099; x_wconf 86' lang='grc'><strong>26.</strong></span> 
     </span>
    </p>
   </div>
   <div class='ocr_carea' id='block_1_11' title="bbox 835 4128 911 4197">
    <p class='ocr_par' dir='ltr' id='par_1_13' title="bbox 835 4128 911 4197">
     <span class='ocr_line' id='line_1_34' title="bbox 835 4128 911 4197; baseline 0 0"><span class='ocrx_word' id='word_1_301' title='bbox 835 4128 911 4197; x_wconf 73' lang='lat'><strong>10*</strong></span> 
     </span>
    </p>
   </div>
   <div class='ocr_carea' id='block_1_12' title="bbox 0 0 1450 4806">
    <p class='ocr_par' dir='ltr' id='par_1_14' title="bbox 0 0 1450 4806">
     <span class='ocr_line' id='line_1_35' title="bbox 0 0 1450 4806; baseline 0 0"><span class='ocrx_word' id='word_1_302' title='bbox 0 0 1450 4806; x_wconf 95' lang='lat' dir='ltr'><strong> </strong></span> 
     </span>
    </p>
   </div>
  </div>
 </body>
</html>
