2874 4806
782 383 847 450 tto

306 569 342 612 eo
371 556 544 626 correptos.
592 545 688 620 Οπεω
715 545 797 606 caim
816 540 855 619 ¹³)
879 542 995 622 ‚dtttptt
1016 543 1162 604 domiuus
1183 541 1329 618 corripit.

306 663 338 727 Si
366 669 464 724 autem
495 659 569 720 deos
591 655 629 735 Ι1)
659 675 748 738 quem
777 655 873 737 diligit
902 654 1040 735 corripit,
1072 661 1102 714 et
1136 653 1262 732 corripit
1296 657 1328 712 ut

307 775 463 850 emendem
494 773 600 836 iratres
630 789 751 852 quoquc
782 777 811 831 et
833 765 871 847 ¹⁵)
902 769 1030 830 maxime
1060 766 1234 828 sacerdotes
1267 783 1329 826 non

308 888 450 967 oderunt,
480 886 535 950 scd
565 886 689 968 diligant
711 902 782 963 eos,
812 900 889 964 quos
912 883 1082 964 corripiunt
1104 889 1136 942 ut
1159 879 1330 958 emendent,

281 1002 428 1084 equando
458 1005 488 1063 et
518 999 655 1063 dominus
685 1019 741 1080 per
770 998 950 1061 Hieremiam
981 1003 1049 1058 ante
1081 996 1268 1078 praedixerit
1303 1000 1332 1056 et

309 1125 443 1197 tempora
464 1120 568 1178 nostra
600 1111 813 1194 significaverit
844 1109 949 1171 dicens
973 1104 1028 1186 ¹⁶):
1059 1109 1100 1169 lit
1127 1108 1209 1170 dabo
1240 1107 1332 1168 cobis

306 1239 453 1312 pastores
474 1229 645 1290 secondom
667 1245 723 1288 cor
746 1243 861 1299 meam,
885 1232 915 1283 ct
931 1231 1064 1303 paroeat
1084 1241 1143 1284 coa
1163 1229 1333 1300 poscentes

310 1363 378 1407 com
399 1343 575 1422 disciplina.

796 1536 840 1602 ll.

361 1721 366 1736 ·
398 1685 483 1760 Quod
507 1687 533 1748 si
555 1687 585 1746 in
608 1684 764 1766 scripturis
787 1681 897 1743 sanctis
917 1677 941 1756 ¹)
967 1676 1143 1758 frequenter
1165 1685 1196 1738 et
1219 1677 1332 1756 ubique

275 1800 466 1882 indisciplina
490 1800 681 1882 praecipitur,
705 1804 734 1859 et
758 1795 979 1857 tundamentum
1003 1811 1091 1854 omne
1115 1792 1276 1874 religionis
1300 1808 1333 1851 ao

313 1913 382 1975 fidei
405 1909 484 1988 del)
507 1912 717 1975 observatione
740 1929 775 1972 ao
797 1903 904 1972 timore
927 1907 1143 1990 proficiscitur,
1174 1905 1248 1986 quid
1277 1923 1331 1968 cu-

319 2068 521 2079 ——-—-

314 2153 575 2304 t1o‚n3‘t’?nepteperc
594 2217 662 2282 (noli
679 2214 710 2265 ab
730 2227 750 2265 r.
763 2230 796 2265 m.
816 2213 958 2284 superscr.)
977 2214 1018 2265 W.
1049 2211 1166 2264 Formam
1184 2217 1332 2282 aoplcperis

314 2327 377 2393 (vid.
390 2323 450 2376 Fre
459 2340 473 2374 u
483 2340 497 2373 n
506 2323 529 2374 d.
540 2319 665 2372 Wdrterb.
680 2320 703 2371 d.
717 2319 769 2372 Lat.
780 2319 836 2387 Spr.
850 2337 873 2372 v.
886 2320 1000 2390 negligo)
1014 2335 1061 2387 pro
1074 2322 1228 2388 neglexeris
1243 2321 1330 2386 recepi

314 2411 406 2464 cxllla.
438 2409 486 2461 Pro
505 2413 603 2464 domini
615 2408 655 2459 W.
668 2405 920 2461 blabd.Aexbibent
938 2411 986 2462 dci.
1021 2407 1080 2458 Mox
1098 2427 1114 2459 a
1133 2411 1177 2461 deo
1198 2417 1332 2475 correptus
1417 2475 1418 2486 γ

314 2500 363 2551 bld.
395 2499 438 2563 13)
458 2498 538 2549 Deest
556 2501 624 2550 caim
642 2498 708 2546 ind.
745 2493 826 2546 Recte
844 2499 966 2548 dominae
986 2495 1066 2563 (vulg.
1086 2498 1162 2559 dour)
1183 2497 1214 2546 W
1236 2506 1264 2547 et
1283 2495 1330 2546 llb.

315 2587 402 2637 Statim
421 2595 444 2638 ot
462 2586 573 2653 corripit
590 2583 621 2644 A,
641 2585 753 2651 corripit
771 2593 795 2634 ot
813 2585 924 2650 coctipot
941 2579 970 2632 B.
1010 2583 1054 2646 11)
1075 2583 1118 2633 Sic
1135 2582 1192 2634 libri
1213 2593 1239 2634 ct
1259 2596 1331 2634 manu

315 2674 408 2724 exarati
428 2679 454 2721 et
471 2673 538 2738 typis
557 2670 651 2722 excusi.
689 2669 740 2721 Sed
759 2669 922 2721 scribendum
940 2669 1039 2720 videtur
1064 2674 1195 2724 dontinus.
1232 2671 1332 2724 Verba:

314 2765 346 2814 st
364 2769 449 2812 autem
467 2763 532 2812 door
551 2776 624 2827 qaam
642 2761 728 2826 titiptt
746 2761 857 2828 corripit
876 2757 968 2808 desunt
985 2760 1010 2808 in
1030 2759 1059 2809 Α.
1096 2762 1130 2812 Si
1147 2770 1233 2813 aretem
1259 2776 1332 2830 quom

313 2850 401 2918 dilipit
419 2850 483 2901 deas
505 2845 599 2897 habent
623 2845 680 2898 cod.
700 2845 740 2896 llb
761 2854 786 2896 et
805 2844 845 2895 ed.
865 2845 987 2896 Daventrss
1023 2843 1139 2896 Pronum.
1159 2846 1231 2896 relat.
1258 2863 1332 2915 parom

314 2935 338 2986 in
353 2933 391 2986 llc
403 2951 423 2985 r.
437 2950 468 2984 m.
482 2949 556 3000 supra
569 2932 610 2984 lin.
624 2933 728 2985 addidit.
761 2933 824 2984 Dein
838 2943 862 2986 ct
873 2937 915 2986 cic
927 2937 1037 3002 corripit
1054 2933 1179 3000 praebent
1198 2935 1259 2986 edd.
1272 2941 1331 2985 velt.

315 3037 336 3073 o.
352 3020 470 3071 Dovcntr.
484 3018 579 3071 Erasm.
593 3018 666 3072 Grav.
681 3028 706 3070 ct
719 3018 815 3071 Morell.
851 3019 899 3070 Pro
919 3023 968 3083 cio,
988 3019 1056 3088 quod
1073 3013 1099 3070 ln
1114 3020 1152 3071 Mc
1171 3038 1190 3071 r.
1205 3037 1237 3071 m.
1257 3035 1332 3088 supra

315 3108 416 3172 adiecit,
436 3107 561 3159 Pamelius
580 3125 611 3160 cx
623 3108 668 3159 lls.
689 3107 796 3158 dederat
815 3111 848 3160 ad
865 3112 914 3162 boc
933 3123 1040 3176 eumque
1060 3117 1156 3160 temere
1175 3112 1258 3160 secuti
1277 3115 1332 3160 sant

315 3195 405 3264 Rigalt.
426 3194 505 3246 Oron.
525 3193 611 3246 Baluz.
631 3194 737 3257 Goldh.;
764 3211 821 3246 nam
841 3194 948 3246 voculae
968 3198 1001 3248 ccl
1021 3200 1084 3262 boc,
1110 3213 1171 3264 quas
1190 3196 1230 3248 W.
1250 3193 1332 3248 lllabd.

316 3283 344 3347 ll,
363 3285 423 3334 itera
443 3283 482 3334 ed.
498 3283 590 3335 blaaut.
604 3285 728 3347 omittunt,
746 3292 774 3334 ut
787 3288 838 3347 aio,
857 3300 951 3336 meram
970 3284 1078 3352 glossam
1099 3287 1207 3352 sapiunt.
1250 3285 1291 3351 15)
1310 3291 1332 3335 ct

317 3368 376 3421 defit
400 3371 423 3420 in
444 3368 472 3420 t.
515 3369 580 3420 Dein
605 3387 657 3423 aon
685 3373 786 3424 oderint
811 3370 900 3421 scribit
925 3371 965 3421 lla
991 3388 1100 3438 moxque
1127 3371 1150 3422 Α
1176 3382 1200 3426 ot
1225 3388 1272 3440 pro
1297 3378 1331 3424 at.

317 3455 377 3506 Tum
397 3459 518 3510 dominas
538 3455 619 3534 (volg.
639 3459 717 3521 dorae)
737 3465 868 3523 receptum
887 3457 958 3508 eW.
971 3445 1052 3510 blabc.
1072 3458 1099 3508 B.
1137 3457 1224 3510 Statim
1242 3463 1330 3512 ibere-

317 3547 396 3596 miom
415 3542 491 3594 habct
510 3542 550 3593 cd.
571 3538 701 3607 florenta,
720 3548 854 3596 ieremiam
872 3543 913 3595 Md
933 3543 1004 3596 c.·A.
1041 3543 1139 3595 Deinde
1159 3549 1331 3614 praedixerat

319 3629 366 3682 lld.
404 3628 449 3696 16)
467 3629 575 3681 llierem.
595 3629 620 3694 3,
642 3630 681 3681 15.
718 3629 901 3683 Desiderantur
918 3632 1057 3700 prophetae
1077 3632 1155 3683 verba
1174 3634 1198 3683 ia
1219 3633 1249 3683 Α.

389 3715 418 3768 ll.
450 3718 476 3781 1)
496 3717 578 3768 Verba
598 3719 659 3768 iata:
678 3726 729 3771 tarn
747 3723 881 3774 actoribus
900 3738 976 3788 qoam
995 3724 1072 3772 otiam
1091 3724 1177 3782 travia,
1198 3736 1263 3788 quae
1283 3717 1329 3768 ad-

319 3805 411 3856 duntur
428 3806 453 3856 ia
473 3804 657 3873 exemplaribus
674 3804 771 3859 Erasm.
791 3805 1079 3860 eratanostrae.
1099 3816 1124 3858 et
1137 3807 1237 3876 Rigalt,
1258 3803 1328 3858 codd.

319 3891 414 3954 nostri,
439 3891 528 3958 quibus
553 3893 679 3944 accedunt
704 3893 754 3944 duo
773 3894 847 3961 Ver,
875 3897 964 3947 morito
986 3910 1037 3947 non
1058 3903 1208 3963 agnoscunt.
1253 3895 1281 3958 2)
1300 3894 1328 3944 do

320 3979 518 4052 superscriptum
536 3994 588 4046 ar.
607 3994 639 4030 m.
658 3979 684 4032 ia
701 3978 752 4032 lllb.
