2872 4806
832 446 879 512 st

347 605 406 668 deo
427 605 528 668 carior
548 623 611 668 uon
632 609 696 682 est3
728 606 780 687 qui
807 612 925 684 tamen,
954 603 1084 686 quandiu
1111 606 1143 667 'm
1163 605 1221 667 riis
1249 602 1358 666 domini

347 718 518 796 ambulavit,
550 719 651 782 tandiu
677 721 820 802 gratiam,
851 739 939 800 quam
961 718 999 782 de
1021 718 1141 782 domiuo
1164 719 1260 782 fuerat
1280 736 1358 780 con-

344 839 476 910 secutus,
499 833 623 895 obtinuit
630 853 640 907 ;
661 839 820 913 postquam
842 832 1000 913 dereliquit
1029 831 1141 896 domini
1162 831 1256 908 risu,
1283 848 1358 911 per-

345 942 418 1007 didit
439 952 470 1006 et
490 947 617 1028 gratiam
645 946 766 1008 domini.
809 945 847 1008 Et
873 943 943 1008 ideo
970 946 1112 1026 scriptum
1141 951 1188 1006 est
1204 939 1247 1022 τ);
1279 944 1359 1006 Tene

317 1059 429 1139 equod
446 1058 560 1132 bobes,
591 1075 630 1118 se
657 1057 741 1118 alias
770 1051 948 1136 ueeipiut⁸)
969 1075 1116 1119 cornuum
1139 1063 1228 1118 rame
1273 1054 1360 1128 Quod

343 1172 446 1251 utique
469 1171 606 1233 dominus
628 1187 690 1232 nou
719 1171 885 1232 minaretur
911 1165 1069 1248 auferri’)
1098 1187 1190 1251 posse
1218 1186 1359 1232 coronam

343 1285 489 1363 iustitiae,
517 1285 575 1347 uisi
605 1284 675 1364 quia
704 1283 869 1346 recedente
890 1284 1000 1346 iustitia
1021 1282 1145 1346 recedat
1166 1298 1293 1344 necesse
1314 1287 1360 1344 est

344 1407 375 1463 et
396 1417 518 1463 corona.
563 1397 722 1461 Confessio
746 1397 904 1460 exordium
923 1392 962 1475 1’)
984 1396 1100 1478 gloriae
1122 1401 1183 1474 est,
1210 1413 1271 1458 non
1292 1411 1359 1456 me-
1406 1483 1408 1491 y

343 1515 431 1577 ritum
452 1515 510 1577 iam
532 1531 675 1592 coronae,
697 1530 756 1575 nec
777 1512 894 1594 perficit
914 1513 1042 1591 faudem,
1064 1513 1119 1575 sed
1142 1512 1236 1574 initiat
1257 1510 1359 1593 digni-

304 1647 333 1691 so
344 1633 446 1705 tatem,
468 1644 596 1708 cumque
618 1627 761 1708 scriptum
782 1627 838 1686 sit:
862 1625 922 1701 Qui
939 1627 1187 1706 perseveraverit
1203 1624 1243 1703 ¹¹)
1263 1643 1359 1704 usque

342 1743 378 1803 s'e
397 1742 499 1820 finon,
521 1741 572 1802 bic
592 1741 700 1804 sulcas
721 1742 791 1817 crit,
816 1740 956 1822 quicquid
977 1747 1047 1804 ante
1061 1741 1150 1802 finem
1165 1739 1263 1815 fucrit,
1285 1756 1359 1820 gra-

344 1852 400 1916 dus
423 1859 479 1930 est,
501 1870 562 1932 quo
586 1852 623 1914 ad
643 1852 794 1936 fastigium
809 1853 913 1914 salutis
928 1853 1109 1933 ascenditur,
1130 1871 1193 1916 nou
1207 1852 1359 1930 termium,

346 1983 406 2049 quo
429 1967 487 2028 iam
509 1966 645 2030 culminis
666 1985 780 2030 summa
798 1973 945 2030 teneatur.

342 2258 428 2328 gelum
451 2257 648 2329 Philadelphiae.
685 2260 772 2330 Itaque
796 2259 925 2313 Pamelius
949 2261 1052 2312 retinuit
1076 2261 1180 2330 quidem
1203 2275 1260 2311 mm
1283 2257 1358 2309 addi·

342 2349 455 2413 tiouem,
481 2349 526 2399 sed
550 2348 646 2401 deferit
668 2365 714 2412 es,
740 2365 807 2418 quae
827 2348 973 2400 referuntur
990 2366 1023 2400 ex
1040 2348 1196 2417 apocalypsi.
1230 2348 1267 2400 Ita
1285 2348 1359 2398 etiam
1422 2345 1423 2420 i

342 2435 475 2505 liigaftins.
510 2434 568 2504 Ego
585 2451 649 2488 vero
667 2438 752 2488 omnia
771 2439 913 2504 supprimo,
940 2438 999 2505 quia
1022 2436 1065 2488 iffa
1089 2453 1141 2488 uon
1161 2437 1245 2488 inveni
1265 2437 1291 2486 iu
1310 2433 1358 2486 ullo
1422 2433 1423 2492 i

342 2533 457 2575 veterum
476 2524 656 2592 exemplarium
674 2533 826 2589 nostrornm,
848 2527 906 2593 quis
924 2525 1015 2576 desunt
1031 2527 1058 2578 in
1076 2526 1195 2576 undecim
1212 2522 1358 2591 Angtieania
1422 2513 1423 2578 J

337 2619 370 2662 'et
396 2613 421 2662 in
447 2611 600 2664 editionibus
628 2613 770 2665 bisuntinus
797 2611 1003 2680 antiquorum
1046 2617 1190 2668 natanias.
1207 2639 1242 2649 -
1260 2610 1359 2661 Absunt
1422 2643 1423 2674 ,

341 2697 384 2749 iffa
402 2699 481 2750 verba
500 2701 575 2751 etiam
593 2716 608 2752 a
627 2703 720 2752 uostris
738 2700 823 2764 codd,
842 2701 923 2767 Neap.
941 2710 1019 2769 atque
1031 2700 1086 2752 Vat.
1107 2700 1231 2752 omuibus.
1261 2698 1358 2750 Idcirco
1422 2757 1423 2760 Ἴ

342 2783 461 2837 baluzius
479 2787 571 2837 merito
590 2789 775 2841 exterminarit.
809 2789 841 2852 7)
854 2788 1009 2856 Apocalyps
1029 2788 1056 2854 ³,
1076 2790 1117 2840 ff.
1154 2787 1183 2854 8)
1203 2788 1316 2856 accipiet
1327 2785 1357 2836 Α.
1422 2803 1423 2854 3

342 2870 373 2934 9)
392 2876 500 2941 aufem
511 2872 562 2926 bfb.
592 2873 658 2926 Dein
676 2893 802 2928 corenam
817 2893 900 2946 posse
913 2875 960 2928 tte.
989 2875 1056 2928 Part.
1075 2887 1100 2930 st
1117 2883 1176 2927 ante
1194 2893 1292 2928 curans
1310 2890 1358 2926 om.

342 2963 410 3014 idern
429 2958 503 3012 liber,
540 2961 585 3023 to)
604 2966 762 3016 ecberdium
780 2961 831 3014 bfb.
866 2961 927 3014 Tum
945 2973 971 3017 at
988 2979 1035 3032 pro
1053 2973 1095 3017 est
1110 2963 1142 3015 Α.
1174 2961 1243 3014 Idem
1261 2970 1288 3013 et
1306 2970 1358 3012 tres
1422 2943 1423 2960 ¹

342 3049 403 3100 Ver.
416 3052 466 3100 om'.
480 3052 542 3102 ium.
573 3048 666 3101 Contra
679 3049 720 3101 Ifb
738 3049 830 3101 babet:
848 3053 916 3104 Nam
933 3053 980 3118 (ita
998 3054 1024 3103 in
1041 3067 1101 3118 ras,
1120 3059 1216 3119 puncto
1233 3049 1357 3118 praefixo)

341 3155 454 3192 eorunm
471 3155 519 3191 nee
536 3142 639 3207 perficit
654 3141 766 3191 taudem.
801 3136 919 3190 Proxime
937 3157 997 3193 cass
1014 3144 1144 3209 scriptun
1162 3141 1199 3192 sit
1215 3135 1265 3188 Md
1301 3135 1356 3186 Vid.

341 3223 428 3276 biettb.
443 3223 485 3289 10,
499 3225 541 3277 22.
572 3225 617 3291 11)
631 3225 742 3278 Additur
752 3228 839 3295 inuit
849 3228 875 3278 in
889 3227 938 3280 bib.
968 3225 1069 3280 Deinde
1080 3243 1164 3298 scapus
1175 3229 1209 3280 ud
1218 3231 1294 3295 passa
1311 3239 1357 3276 sx-

341 3310 428 3363 bibent
439 3311 506 3378 biud,
525 3321 552 3365 ut
565 3313 622 3365 edd.
635 3312 729 3365 Pamef.
741 3313 798 3382 tog.
814 3322 840 3366 et
852 3307 932 3367 Oxou.
962 3314 1011 3367 Pro
1023 3331 1077 3384 seq.
1091 3319 1144 3378 tic,
1162 3313 1230 3384 quod
1242 3313 1317 3364 deest
1332 3314 1357 3364 in

340 3396 389 3464 Bb,
407 3397 439 3449 W
452 3408 478 3450 et
496 3399 554 3452 edd.
567 3409 625 3454 ante
638 3399 731 3453 dieunt.
750 3417 800 3452 una
821 3418 878 3454 cum
891 3403 1037 3455 bforelfians
1056 3404 1116 3455 dant
1134 3407 1169 3457 is.
1199 3402 1257 3454 ttox
1275 3406 1355 3472 puid-

301 3535 303 3538 .
341 3485 464 3555 quidbfb.
494 3487 571 3540 Verb.
582 3491 666 3558 fierit
677 3491 702 3539 in
714 3487 762 3540 bfo.
775 3492 883 3559 margini
901 3490 1038 3559 adpictum.
1070 3491 1131 3542 Turn
1149 3510 1199 3562 quo
1217 3494 1357 3561 sustipium
1422 3509 1423 3518 ¹

340 3572 398 3624 bibo
422 3583 448 3626 ct
474 3572 521 3626 bb.
557 3574 622 3626 Dein
651 3579 731 3629 aufus
756 3582 912 3632 ascenditur
934 3578 979 3630 Ba.
1017 3577 1096 3644 „con
1115 3578 1140 3631 S.
1160 3579 1276 3646 Dionysii
1301 3577 1356 3629 ils·

341 3661 435 3712 mensis
452 3665 609 3715 extenditur.
646 3661 695 3712 Pro
715 3678 765 3730 quo
783 3661 896 3717 fortassis
914 3664 1053 3734 legendum
1078 3675 1117 3718 est
1140 3670 1306 3730 succuditur,
1332 3673 1357 3716 ut

340 3747 408 3814 apud
419 3751 503 3802 f'acs't.
522 3747 549 3801 L.
561 3747 625 3801 XIII.
645 3750 680 3816 [c.
699 3750 738 3818 5.]
757 3749 889 3803 Annalium
908 3758 1047 3808 escendere
1063 3763 1217 3825 ruppe-stum
1235 3759 1355 3823 impora-

341 3837 410 3888 toris
428 3841 454 3884 et
471 3832 497 3885 b.
515 3833 567 3887 XV.
588 3837 625 3904 [c.
643 3836 699 3905 59,]
717 3849 807 3893 rostra
825 3843 988 3894 ascendere.“
1024 3845 1166 3896 betasius.
1186 3871 1218 3882 -
1235 3841 1285 3893 Pro
1303 3859 1356 3896 non

341 3923 472 3976 terminus
497 3919 536 3974 bb
560 3938 695 3993 perperam
721 3943 770 3980 con
797 3930 934 3982 terminos.
979 3927 1063 3981 Verba
1092 3931 1219 3999 proxima:
1249 3946 1355 3986 sumana

341 4017 443 4064 tenetur
462 4009 534 4078 (sie),
552 4009 594 4064 bfb
613 4027 627 4064 u
646 4027 668 4065 r.
686 4028 718 4066 m.
736 4028 813 4083 supro
831 4013 874 4067 lin.
892 4013 978 4067 babet.
