2874 4806
550 441 556 460 ⁸
605 449 670 520 180

128 612 293 695 proecepit,
317 628 394 694 quae
417 609 556 676 dominus
579 610 718 675 ostendit.
763 607 891 674 Divitem
913 613 943 673 te
964 609 1092 676 sentient
1109 609 1147 691 ¹¹)

127 743 299 808 pauperes,
322 725 501 807 locupletem
522 727 652 790 sentiant
672 724 850 809 indigentes.
895 725 1074 790 Patrimonio
1095 731 1147 791 tuo

128 839 220 902 deum
243 839 366 903 iaenera
380 835 437 919 ¹²),
462 839 609 903 Christum
635 841 709 903 ciba.
754 840 792 903 Ut
814 839 992 923 virginitatis
1011 839 1148 922 perierre

126 953 255 1036 gloriam
278 953 377 1033 lieeet,
399 958 432 1017 ut
453 954 489 1019 ed
513 955 623 1018 domini
645 955 776 1038 praemie
792 951 831 1032 13)
853 956 959 1018 venire
982 955 1147 1038 continget,

99 1069 289 1132 smultorum
311 1069 453 1151 precihus
477 1087 579 1133 exere.
619 1069 800 1133 commenda
815 1068 873 1132 illia
888 1068 1048 1131 thesauros
1069 1075 1148 1150 tuoe,

125 1181 179 1244 uhi
203 1180 252 1244 lur
272 1181 372 1246 nullus
389 1178 429 1260 Ι1)
453 1182 589 1262 etlodtet‚
619 1201 680 1264 quo
710 1182 809 1246 nullus
831 1182 974 1245 insidiens
996 1187 1150 1268 grassator

126 1296 284 1376 inrumpet
321 1297 535 1361 Possessiones
557 1299 619 1377 tihi,
641 1297 696 1360 sed
719 1298 864 1361 caelestes
887 1296 982 1380 magis
1005 1313 1147 1378 conpare,

126 1411 181 1474 ubi
204 1409 319 1474 tructus
342 1414 410 1472 tuos
433 1411 520 1493 iuges
543 1427 578 1473 ao
598 1406 635 1488 ¹⁵)
666 1425 818 1491 perennes
850 1415 880 1472 et
908 1409 945 1472 ab
968 1409 1049 1473 omni
1071 1425 1149 1472 eon-

133 1609 341 1620 m...-

203 1719 250 1789 11)
268 1723 305 1774 d'a
322 1722 429 1776 divitem
446 1722 563 1775 sentim
574 1718 614 1772 W.
648 1718 764 1772 Alteram
783 1730 817 1786 te,
835 1721 905 1790 qnod
922 1729 981 1790 post
998 1725 1151 1794 temptetur

131 1809 229 1862 addidit
247 1807 383 1873 Batonius,
410 1822 461 1860 om.
479 1805 520 1860 W.
540 1806 603 1860 liae.
622 1805 652 1860 B.
689 1808 775 1872 Quare
799 1811 916 1878 expunxi.
952 1807 990 1862 Gi.
1009 1810 1041 1862 ed
1059 1809 1151 1861 librum

131 1897 164 1949 de
183 1895 247 1963 laps.
267 1892 329 1962 Cep.
348 1893 412 1947 XIV.
430 1909 455 1947 n.
476 1893 517 1945 15.
564 1893 608 1959 12)
628 1893 665 1945 Ita
684 1895 744 1948 Ver.
763 1894 805 1948 W.
824 1894 888 1948 liae.
906 1893 943 1961 Β,
963 1911 995 1948 ex
1013 1911 1078 1948 corr.
1097 1894 1149 1962 tlh,

131 1981 234 2036 Gambr.
253 1985 279 2034 in
297 1997 364 2052 mg„
391 1983 452 2034 item
478 1981 536 2035 edd.
554 1979 713 2034 Manutssx.
732 1981 837 2049 Goldh.‚
862 1987 1052 2054 patrimonium
1076 1993 1150 2038 haum

130 2074 208 2126 deum
224 2075 319 2142 fenora
338 2068 400 2137 (sie)
418 2068 456 2135 A,
479 2071 670 2140 patrimonium
694 2079 768 2124 tuum
788 2073 835 2125 deo
853 2074 961 2140 somaro
979 2069 1072 2122 Pamel.
1090 2069 1146 2141 mg.

130 2157 235 2224 Belum,
258 2161 418 2228 patrimonia
442 2166 489 2211 tuo
513 2161 559 2212 deo
582 2161 674 2227 ferrera
692 2155 733 2209 lld
757 2167 912 2227 veteresque
937 2157 994 2210 edd.
1013 2173 1035 2210 e.
1056 2157 1147 2210 llemb.

131 2243 228 2297 Eresm.
248 2243 322 2297 Grau.
341 2242 438 2296 llorell.
470 2243 543 2296 Coui.
563 2243 595 2295 ed
614 2243 705 2296 librum
724 2244 756 2296 de
774 2244 851 2313 lapsis
866 2243 926 2313 Cap.
938 2243 1046 2297 XXVIII.
1065 2259 1091 2296 n.
1106 2243 1146 2296 13.

131 2332 270 2385 Adnotevit
288 2330 420 2384 Beluziusz
448 2329 589 2398 „Pamelius
607 2339 707 2400 etpost
726 2348 783 2385 eum
801 2331 923 2401 Rigaltius
942 2339 1080 2399 posueruut
1095 2351 1146 2402 pa·

132 2423 286 2474 trimontium
312 2429 386 2474 tuum
411 2424 457 2474 deo
480 2425 586 2491 fenero,
611 2435 685 2488 quern
710 2420 846 2472 lectionem
870 2422 956 2472 Inveni
981 2421 1007 2472 iu
1032 2427 1149 2489 quattuor

133 2507 320 2575 exemplaribus
338 2510 456 2577 antiquis.
491 2507 598 2560 Veteres
617 2509 676 2560 edd.
695 2516 721 2559 et
740 2510 859 2561 undecim
878 2516 967 2561 vetere
994 2507 1147 2575 exemplaria

131 2594 226 2648 hahent
242 2599 403 2665 patrimonio
427 2605 472 2650 tue
496 2599 541 2650 deo
567 2601 667 2667 ferrera.
703 2595 849 2648 tectionem
874 2605 973 2663 autem,
998 2612 1074 2665 quam
1098 2611 1147 2664 ego

130 2685 239 2749 retinui,
264 2683 411 2751 praeierunt
436 2682 570 2735 duodecim
592 2683 648 2735 libri
665 2693 727 2736 vett.
748 2691 773 2735 et
792 2685 832 2736 ed.
852 2684 944 2738 Manut.
962 2686 1073 2754 itemque
1091 2686 1147 2735 An-

131 2768 208 2836 glic.“
244 2767 295 2820 Sed
316 2772 410 2821 erravit
428 2772 468 2822 vir
485 2771 568 2834 doct.;
593 2770 671 2822 hehet
692 2754 759 2823 euim
778 2774 803 2823 iu
822 2780 943 2824 contextu
959 2774 1149 2842 patrimonium

131 2865 207 2910 tuum
224 2861 270 2911 deu
287 2861 394 2927 fenera,
421 2867 448 2910 ut
472 2875 548 2927 supra
570 2860 664 2910 dietum
691 2867 744 2923 est3
770 2861 796 2910 iu
821 2859 1041 2912 observationibus
1064 2865 1149 2910 autem

131 2952 208 2995 notae
226 2961 287 2997 suae
307 2947 436 3013 praemisit
452 2951 610 3015 potra'mom'o
629 2957 689 3012 tuo,
709 2949 744 2999 ita
768 2956 796 2999 ut
819 2948 888 3001 aliud
912 2951 1054 3018 cogitasse,
1080 2946 1149 2998 eliud

131 3033 265 3099 scripsisse
287 3033 411 3084 videatur.
447 3031 539 3086 Veram
565 3042 650 3084 tamen
674 3033 811 3087 lectionem
836 3034 914 3086 mutto
940 3042 999 3086 ante
1018 3033 1148 3086 Baluzium

132 3135 147 3169 e
175 3118 249 3170 codd.
278 3121 326 3170 iam
351 3122 458 3172 restituit
484 3119 673 3188 Gronpvius
701 3125 725 3172 in
749 3119 890 3174 Observatt.
917 3123 1016 3188 saepius
1041 3121 1147 3173 leudett.

132 3222 157 3273 p.
177 3205 235 3258 559.
272 3205 391 3259 Ceterum
410 3210 557 3275 scriptorem
574 3213 682 3278 sumsero
706 3210 770 3275 (vid.
797 3208 903 3278 sittig.
929 3208 1012 3262 Praei.
1033 3209 1063 3261 ed
1083 3208 1148 3262 Plin.

131 3301 183 3346 nat.
200 3293 257 3345 hist.
276 3293 302 3348 P.
320 3294 415 3363 LXXI.)
432 3299 520 3365 recepi
539 3314 553 3348 e
573 3298 648 3350 codd.
668 3297 707 3350 tte
727 3307 753 3349 et
769 3295 797 3350 B.
830 3296 893 3350 llell.
914 3298 1035 3350 exhibent
1053 3304 1146 3367 femere

132 3392 242 3452 excepto
261 3387 291 3435 Α.
328 3382 382 3436 Vid.
402 3385 434 3436 ad
452 3385 542 3437 librum
569 3387 601 3438 de
625 3384 769 3454 leps.‚Cep.
787 3384 893 3438 XXVIII.
913 3402 939 3438 n.
960 3383 1000 3437 13.
1047 3385 1092 3455 13)
1113 3388 1146 3438 ad

131 3475 208 3526 doum
225 3476 344 3542 praemia
362 3471 412 3525 lld.
449 3471 511 3524 'lum
530 3476 632 3528 inverso
652 3475 740 3527 ordine
759 3479 851 3530 uentre
866 3477 987 3545 praemio
1006 3473 1056 3538 lllh,
1078 3491 1147 3543 per-

131 3561 224 3612 rem‘re
240 3557 280 3610 W.
326 3557 370 3623 14)
388 3562 482 3614 mullus
507 3565 555 3630 fur
581 3562 640 3612 edd.
661 3570 720 3614 aute
747 3560 856 3626 Manet,
880 3563 940 3612 item
957 3560 1054 3614 hlorell.
1091 3565 1148 3616 Fur

133 3644 206 3696 deest
223 3645 248 3695 in
266 3643 296 3697 Α.
333 3643 396 3696 Tum
414 3656 555 3701 erassatur
572 3645 601 3700 B.
640 3647 685 3716 15)
704 3658 728 3701 et
745 3647 776 3700 Α.
813 3647 879 3699 liein
897 3652 1042 3718 perhenmos
1055 3647 1082 3700 B.
1096 3648 1146 3701 ttd.

132 3733 155 3785 h
174 3740 200 3783 et
218 3733 259 3786 ed.
278 3732 567 3804 Deventr.,·peremnae
592 3739 622 3789 ah
638 3740 720 3797 *omni
736 3735 785 3802 tte,
804 3745 828 3789 et
845 3736 891 3804 (aa
912 3734 948 3805 Α)
967 3735 1104 3801 animilia,
1123 3745 1147 3790 et

134 3823 164 3874 ’ὁ
185 3859 255 3911 omni
271 3856 323 3910 hlb.
358 3856 419 3910 Post
436 3861 559 3913 inmunes
577 3875 642 3912 unus
659 3860 714 3913 Ital.
733 3861 833 3913 inserita
860 3877 909 3914 rer
933 3863 1016 3914 iudex
1039 3861 1146 3924 amitat,

85 4015 89 4032 ι
133 3961 182 4006 meo
200 3947 336 4023 pomum
353 3949 477 4024 inquirat.
507 3945 618 3999 ttoxttc
635 3963 770 4025 perperam
783 3958 889 4006 deterat.
920 3946 981 3998 Tum
995 3949 1068 4012 aedat
1081 3944 1146 4004 ttet-
