2872 4806
391 589 440 654 vt.
460 589 503 654 Ba
525 625 568 636 -
589 589 818 674 bambergensis
840 586 892 674 (B.
906 589 955 656 Ν.
970 589 1022 678 5.)
1044 589 1198 673 ur.‹176.‚
1219 611 1316 658 mem·

304 717 489 794 bmuaceus,
519 731 597 778 saec.
619 713 686 794 Xl.,
716 713 802 778 sorra.
829 733 924 795 man,
954 722 1095 780 constans
1124 715 1204 781 loliis
1233 713 1317 798 204,

304 857 364 920 quo
395 838 472 901 lrbro
502 838 689 903 continentur
717 839 815 902 omnia
846 837 912 902 lere
939 839 1078 922 Cypriani
1107 858 1209 924 opera.
1252 838 1317 904 vid.

301 961 437 1026 Jaeclr.
458 962 575 1044 librum,
598 964 645 1025 cui
667 963 769 1027 titulus
792 970 855 1026 est:
878 963 1105 1048 Rescbreibung
1127 963 1182 1027 der
1204 961 1317 1027 tibeni-

301 1085 400 1150 lichen
422 1085 588 1149 Bittiottek
610 1105 649 1150 zu
670 1086 818 1170 Bamberg
839 1107 867 1170 p.
891 1085 943 1151 63.

389 1208 448 1272 Vll.
471 1209 514 1272 Bb
537 1243 579 1256 -
600 1208 829 1292 bambergensis
852 1207 904 1296 (Β.
920 1210 967 1274 lV.
984 1207 1034 1294 6.)
1056 1210 1093 1274 Ν.
1115 1207 1200 1290 477.,
1220 1229 1318 1274 mem·

302 1332 478 1410 branaeeus,
501 1349 580 1394 saec.
604 1331 650 1393 Xl.
673 1329 791 1414 (potius
814 1329 912 1415 xit),
935 1331 1021 1395 iorm.
1043 1349 1138 1411 mam,
1159 1331 1221 1394 loll
1247 1327 1317 1395 176.

388 1453 490 1517 Insunt
510 1454 577 1516 libri
600 1455 637 1516 ad
656 1455 813 1534 Donatum,
837 1453 998 1536 delapsis,
1021 1454 1060 1518 de
1082 1472 1176 1537 opere
1198 1459 1229 1516 et
1251 1453 1318 1516 ele-

300 1577 433 1657 mosinis,
456 1577 494 1639 de
515 1579 596 1641 bono
617 1577 786 1658 patientiae,
815 1575 854 1638 de
876 1576 943 1638 zelo
967 1576 1126 1656 attinere,
1152 1576 1189 1639 ad
1212 1576 1320 1668 deme-¹

300 1703 444 1781 ln'anum,
478 1701 515 1764 de
548 1702 661 1764 unitate
695 1700 859 1763 catholicae
892 1700 1074 1780 aecclesiae,
1109 1699 1148 1762 de
1182 1699 1319 1762 oratione

303 1824 465 1904 dominica,
495 1825 534 1886 de
559 1824 752 1903 mortalitate,
785 1825 909 1906 epistola
938 1823 975 1886 ad
999 1824 1196 1907 Rogatianum
1217 1822 1318 1885 Presb.

303 1954 332 2011 et
357 1953 477 2010 ceteros
499 1946 691 2012 confessores
714 1947 752 2010 de
775 1946 927 2028 disciplina
951 1965 1018 2009 cum
1043 1947 1107 2009 aliis
1130 1947 1181 2014 SS.
1204 1945 1319 2010 Patrum

304 2071 431 2152 scriptis.

390 2193 553 2274 Utrumque
589 2193 668 2256 hunc
687 2193 838 2280 „codicem
868 2193 922 2255 Vir
956 2192 1153 2256 Reverendus
1185 2191 1320 2254 Petrus

303 2317 531 2396 sottnerus,
571 2317 747 2399 Capelianus
786 2317 932 2381 ecclesiae
965 2317 1142 2380 cathedralis
1174 2315 1320 2378 Bamber-

302 2443 424 2526 gensis,
454 2459 532 2504 anno
566 2439 648 2504 1847
672 2441 888 2504 Bibliothecarii
912 2443 994 2504 vices
1023 2457 1152 2526 gerens,
1185 2439 1319 2502 interce-

303 2563 392 2627 dente
421 2567 456 2627 V.
478 2562 521 2624 ct.
544 2561 807 2624 Constantino
840 2561 1053 2643 Hoellero,
1087 2570 1158 2626 tunc
1184 2561 1319 2624 tabularii

302 2686 531 2770 Bambergensis
554 2683 729 2763 Praefecto,
762 2703 841 2748 nunc
871 2685 901 2748 in
934 2685 1097 2750 litterarum
1121 2685 1319 2749 Universitate

302 2809 445 2892 Progensi
467 2807 655 2886 Professore,
677 2809 890 2890 benignissime
912 2828 1027 2874 mecum
1050 2809 1285 2872 communicavit.

388 2933 459 2995 Vlll.
474 2918 517 2994 Ἀ
549 2968 587 2978 -
618 2932 828 3014 Augustanus,
865 2934 914 3014 qui
949 2933 1003 2996 luit
1044 2933 1113 2996 olim
1146 2931 1317 2996 monasterii

301 3055 555 3134 Blanckstadiani,
584 3055 634 3117 Nr.
659 3053 726 3134 65,
756 3055 842 3120 iorm.
865 3075 960 3134 mam,
990 3057 1206 3140 bombycinus,
1237 3071 1316 3118 saec.

301 3178 374 3258 XV,
397 3177 458 3242 loll.
479 3157 557 3242 2412
597 3179 686 3241 Cuius
710 3180 776 3241 libri
799 3197 884 3242 usum
909 3179 1005 3242 debeo
1029 3199 1161 3243 summae
1183 3176 1316 3242 liberali-

302 3303 351 3364 tati
373 3302 406 3363 V.
430 3301 471 3364 ct.
503 3300 536 3365 G.
561 3303 667 3383 Caso.
691 3303 890 3385 llezgeri,
913 3301 1065 3385 Gymnasii
1089 3305 1124 3366 ad
1149 3301 1315 3368 §.Annam
1369 3351 1380 3372 ,

300 3424 435 3488 Rectoris
459 3431 490 3487 ct
511 3426 705 3489 bibliothecae
727 3426 922 3508 Augustanae
944 3426 1098 3490 Praefecti.

387 3548 449 3610 Fol.
481 3546 516 3627 1,
551 3568 577 3610 a.
608 3550 647 3611 ita
677 3549 845 3612 exorditur:
880 3549 1040 3628 Incipiunt
1070 3551 1200 3631 epistole
1228 3531 1315 3612 Socti

304 3668 455 3750 Cypriani
481 3669 670 3752 Curlboqiri.
715 3672 863 3734 Lemmata
897 3681 980 3736 caret
1010 3673 1046 3736 ad
1071 3675 1216 3737 Donatum
1239 3674 1315 3736 liber

301 3789 372 3876 [iol.
399 3791 490 3872 1-4,
513 3792 580 3877 b),
609 3796 658 3858 ubi
681 3801 779 3864 textus
801 3798 892 3878 prima
915 3798 1011 3860 littera
1036 3797 1190 3878 eleganter
1212 3804 1314 3860 aurata

302 3924 332 3977 et
353 3917 505 3998 variegata
529 3925 583 3980 est.
628 3918 689 3981 Fol.
714 3918 752 3998 4,
783 3921 809 3981 b.
833 3921 932 4004 incipit
961 3920 1086 4004 epistola
1117 3921 1248 3984 secunda
1276 3923 1314 3984 de

302 4036 454 4118 disciplina
468 4037 505 4101 ad
521 4040 653 4123 uirgines
668 4047 698 4104 et
719 4041 826 4106 desinit
840 4043 888 4107 lol.
908 4041 957 4124 11,
980 4062 1006 4106 a.
1045 4043 1105 4106 Fol.
1124 4041 1175 4124 11,
1197 4042 1313 4123 a-21‚
