2872 4806
611 431 654 498 23

116 587 173 650 ruis
194 563 315 668 spiritus
347 593 467 652 sanctus
490 588 635 654 sedentes
657 592 687 656 in
719 593 907 674 pestilentiae
937 597 1077 662 catbedra
1090 595 1139 679 ¹²),

111 709 219 784 pestes
243 707 273 764 et
301 701 368 766 lues
397 703 484 790 fidei,
517 689 666 786 serpentis
697 725 751 770 ore
780 707 916 772 fallentes
939 715 969 772 et
998 689 1138 776 corrum-

1 895 9 907 ·
111 815 234 898 pendae
256 817 389 880 veritatis
412 817 557 898 artifices,
580 838 700 884 venena
722 820 821 885 letalia
843 822 954 906 linguis
987 825 1138 912 pestiieris

1 928 7 936 '
111 933 309 990 evomentes:
340 947 466 1010 quorum
490 947 591 994 sermo
617 938 649 993 ut
665 929 703 1010 ¹³)
732 951 843 997 cancer
871 937 980 1018 serpit,
1012 957 1139 1020 quorum

85 1046 259 1104 atrectatus
283 1041 458 1122 pectoribus
481 1048 511 1103 et
533 1041 674 1106 cordibus
696 1045 883 1128 singulorum
908 1048 1033 1110 mortale
1056 1050 1139 1114 virus

1 1154 2 1165 ³
116 1150 252 1216 infundit.
291 1151 402 1216 Contra
425 1152 573 1216 eiusmodi
597 1153 701 1220 clamat
717 1155 872 1238 dominus,
893 1159 930 1220 ab
946 1159 991 1224 bis
1007 1161 1140 1226 refrenat

114 1271 145 1329 et
174 1273 300 1331 revocat
336 1276 486 1332 ouantem
518 1269 635 1350 plebem
669 1269 805 1350 suumn)
835 1272 938 1336 dicens
949 1271 1007 1353 ,¹⁵):
1037 1277 1140 1340 Nolite

112 1383 226 1448 audire
258 1401 413 1446 semones
440 1383 794 1464 pseudoprophetarum,
828 1389 972 1466 quoniam
1004 1389 1140 1454 visiones

110 1497 219 1560 cordis
241 1516 345 1562 corum
364 1499 558 1579 frustrentur
581 1517 641 1561 eos.
686 1498 906 1580 Locunturffi),
930 1504 987 1566 sed
1007 1523 1070 1566 nors
1095 1505 1135 1568 ab

71 1621 98 1666 ¹⁰
111 1631 169 1676 ors
184 1612 309 1676 domini.
345 1613 461 1676 Dicunt
482 1613 527 1675 ss's
549 1613 602 1694 qui
624 1611 763 1676 abics'um
783 1613 907 1678 verbum
930 1609 1048 1694 dei¹⁷).·
1070 1617 1138 1680 Pon

111 1727 175 1790 erit
195 1725 283 1790 cobis
298 1733 328 1788 et
340 1725 480 1788 omnibus
494 1703 721 1790 mutantibus
731 1721 771 1804 ¹⁸)
789 1728 822 1792 s'a
836 1729 1043 1808 voluntatibus
1063 1732 1137 1794 suis.

113 1831 273 1919 Omnis¹⁹)
295 1841 348 1922 qui
378 1839 514 1902 emutat
534 1813 579 1902 in¹
592 1859 698 1902 errore
726 1842 831 1904 cordis
853 1844 903 1906 sai
925 1863 988 1906 aon
1017 1845 1140 1908 content

189 2077 236 2146 12)
253 2081 402 2134 cathedram
416 2075 452 2130 Ba
472 2085 498 2130 et
516 2092 554 2145 pr.
567 2076 607 2130 W.
638 2077 698 2132 Mox
716 2087 853 2147 serpentes
872 2077 903 2131 t.
935 2078 996 2136 Tum
1014 2082 1138 2149 {dientes

114 2185 138 2220 c.
156 2167 225 2220 linea
244 2164 369 2218 subducta
389 2173 415 2216 et
433 2168 605 2233 superscripto
624 2181 649 2216 v.
666 2173 804 2234 patrantes
820 2162 869 2216 bib.
900 2164 997 2216 Vitiosa
1011 2183 1137 2224 conum-

1 2278 2 2283 *
112 2257 200 2324 pesida
217 2251 262 2303 Ba.
297 2251 364 2304 Dein
382 2255 488 2306 laetatio
506 2249 553 2303 Bb.
597 2249 640 2312 13)
667 2262 691 2305 et
715 2267 810 2304 cancer
829 2249 866 2301 Bb
892 2259 918 2302 ct
943 2267 981 2319 pr.
1000 2251 1047 2304 bic.
1084 2253 1138 2304 Re-

113 2342 200 2409 spexit
218 2339 353 2402 Nosterb.
372 2339 479 2392 Timotb.
498 2339 524 2403 2,
546 2339 586 2390 17.
622 2337 738 2390 Proxime
758 2349 895 2392 contectus
916 2335 956 2404 Α,
984 2348 1070 2392 tactus
1096 2340 1137 2392 ed.

114 2427 226 2492 Manum
253 2428 278 2478 in
303 2442 381 2495 marg.
401 2433 485 2476 eutem
504 2423 614 2492 Gotting.
635 2424 786 2491 exemplaris
805 2425 842 2476 vir
861 2424 927 2477 doct.
947 2427 1057 2476 correxit
1077 2435 1137 2478 tro-

1 2521 3 2528 ’
115 2526 213 2570 status.
242 2514 279 2566 lta
297 2521 406 2567 testante
425 2529 456 2564 ac
474 2511 599 2580 probante
617 2515 733 2581 Ripaltio
752 2509 907 2578 (Observatt.
928 2528 953 2579 p.
969 2511 1031 2579 165)
1051 2509 1140 2562 scribit

115 2603 187 2668 Ver,
206 2617 316 2670 quocum
336 2601 482 2668 conspirant
494 2598 571 2652 etiarn
584 2598 625 2650 W.
638 2598 739 2652 idabcd.
753 2608 778 2649 ct
791 2597 854 2663 Bab,
873 2599 988 2667 beneque
1000 2597 1139 2650 lectionem

114 2689 227 2742 restituit
243 2685 379 2752 Balusius,
403 2685 541 2738 adnotantes
568 2683 668 2750 „Antea
694 2684 829 2753 legebatur
852 2695 956 2739 tractos
980 2686 1005 2736 in
1031 2685 1139 2753 antiquis

116 2774 281 2828 editionibus.
305 2773 473 2858 xiicnnboitus
500 2772 579 2825 edidit
608 2784 720 2830 tactus..
749 2770 820 2835 Quae
848 2772 924 2824 lectio
953 2774 1032 2840 magis
1057 2774 1140 2825 arrisit

1 2870 3 2894 1
114 2863 234 2929 Erasino,
254 2861 390 2932 [Gravio]‚
409 2861 538 2926 uenusto,
557 2860 670 2912 Pameiio
690 2869 716 2912 et
733 2859 860 2929 bigamo,
879 2859 993 2912 sednon
1013 2859 1137 2923 biorellio,

1 2954 2 2957 ’
114 2955 159 3022 qui
178 2952 263 3020 posuit
281 2959 419 3003 tractatus.
457 2946 530 3010 Quae
550 2957 589 3000 cst
607 2964 669 3000 vera
687 2947 773 3012 lectio,
793 2963 867 3016 quam
886 2947 1034 2998 confirmant
1053 2945 1138 2998 XXVI.

16 3083 19 3088 .
92 3099 93 3102 Ἴ
113 3041 175 3092 iibri
193 3039 272 3091 nostri
291 3045 317 3088 et
336 3035 424 3088 decern
444 3033 586 3103 Anglicsni,
605 3042 655 3085 turn
675 3036 752 3086 etiam
770 3033 847 3086 editio
866 3033 964 3085 Veneta
984 3035 1041 3084 anni
1063 3032 1138 3084 1547.

113 3127 189 3180 Hunc
213 3140 276 3178 vero
301 3123 438 3176 lectionem
464 3124 595 3174 tamenetsi
614 3121 739 3190 Rigaltius
760 3137 810 3173 non
828 3122 944 3189 posuerit
961 3121 987 3171 in
1006 3126 1138 3184 contextu,

83 3245 91 3260 ·
115 3218 152 3268 sit
177 3223 261 3266 tamen
285 3213 311 3264 in
335 3210 558 3262 observationibus
581 3211 634 3260 suis
660 3210 694 3260 ita
718 3209 796 3260 scribi
822 3209 923 3259 omnino
943 3206 1047 3258 debere.
1083 3205 1139 3256 Hoc

115 3302 238 3356 iudicium
262 3307 350 3350 secuta
370 3308 409 3350 est
427 3299 505 3350 editio
525 3297 692 3366 Angiicans.“
729 3295 796 3348 Dein
813 3299 930 3364 pectoris
949 3293 1072 3345 mendose
1092 3292 1138 3345 Rb.

116 3393 282 3460 suppletam
300 3385 592 3441 :commanentis
631 3381 985 3452 15)1{terem.23,16-17.
1023 3379 1066 3444 16)
1079 3381 1138 3433 Lo-

116 3489 216 3536 matarr
233 3475 273 3530 W.
293 3483 319 3528 et
336 3475 383 3528 Bb.
417 3475 472 3526 Vid.
492 3475 524 3526 ad
544 3473 605 3542 Cep.
624 3473 676 3526 XX.
706 3490 732 3525 n.
752 3471 776 3525 8.
812 3469 920 3524 Additur
944 3473 1013 3524 euim
1037 3469 1063 3518 in
1089 3467 1139 3520 Mb.

117 3570 163 3635 17)
183 3567 283 3619 Verba:
303 3569 404 3620 Dicunt
418 3567 471 3628 eis,
489 3566 538 3632 qui·
547 3566 663 3616 obiciunt
675 3565 784 3616 verbum
797 3563 847 3623 dei,
866 3557 1042 3610 desiderantur
1054 3556 1078 3605 in
1091 3553 1138 3606 Bb.

116 3657 168 3709 Pro
192 3657 234 3710 dei
251 3653 311 3705 Ver.
333 3653 355 3704 1.
377 3658 404 3703 et
426 3649 450 3702 Α
475 3650 593 3702 exhibent
617 3652 724 3702 domiai.
767 3647 811 3712 18)
838 3636 920 3697 Deest
942 3645 1138 3698 asntartasretns

118 3747 144 3798 in
163 3744 195 3796 Α.
232 3742 277 3807 19)
296 3743 374 3796 osani
392 3739 452 3790 Ver.
472 3737 512 3789 bid
532 3747 558 3790 et
576 3738 609 3802 Α,
628 3740 766 3802 omatibus,
787 3737 833 3804 qni
850 3735 984 3786 ambulant
1003 3728 1040 3782 bb
1061 3738 1088 3780 et
1107 3744 1138 3780 ex

119 3838 205 3884 mutat.
227 3846 247 3882 r.
268 3845 300 3880 m.
319 3827 370 3892 itt,
389 3843 480 3880 omnes
500 3829 545 3895 qui
562 3828 695 3880 ambutant
714 3824 755 3876 ed.
775 3821 896 3872 Deventr.
933 3817 1005 3880 Quod
1025 3818 1140 3885 sequitur
1191 3879 1193 3888 .

118 3921 148 3972 s'rs
166 3933 217 3970 om.
236 3914 320 3968 biabd.
356 3912 414 3964 litor
431 3929 514 3981 super
531 3929 577 3965 sos
602 3914 648 3974 (os
673 3912 697 3962 in
722 3926 769 3962 ras.
793 3907 888 3979 posito)
910 3906 952 3958 dat
970 3905 1026 3970 tib,
1055 3921 1139 3974 super

121 4014 144 4060 tc
161 4003 276 4057 scribunt
294 4000 354 4056 Ver.
373 4001 413 4054 W.
433 3999 513 4054 biacd.
534 3997 594 4052 Bab.
615 3999 644 4054 Α.
804 3998 806 4002 ’
