2872 4806
466 428 619 494 ·69

99 584 199 666 altore,
231 585 311 668 quod
341 585 456 650 foetore
484 592 580 652 taetro
611 587 725 653 domare
753 607 795 653 ac
810 589 949 654 redolere
972 607 1105 673 conspe-

96 706 190 780 xerat,
219 699 300 764 vetut
331 699 420 764 domus
452 707 481 764 et
508 703 626 766 bustum
650 703 730 767 vitae
753 722 825 768 suae
849 705 974 768 horrere
997 723 1032 768 ec
1054 703 1127 770 iu-'

98 830 164 894 gere
187 811 339 878 debebat?
384 814 460 890 Quid
483 815 609 879 bostiam
633 823 748 898 tecum,
778 795 887 899 miser,
919 819 988 902 qnid
1017 821 1106 882 victi-

97 944 164 988 mam
181 922 222 1004 13)
252 925 470 1008 supplicaturus
501 927 646 1009 inponis?
690 929 759 1012 lpse
781 929 818 993 ed
845 949 913 994 eras
932 929 970 1008 ¹⁴)
1001 931 1107 1013 hostie,

76 1040 205 1104 evictimo
220 1040 286 1122 ipsc
302 1043 417 1105 venisti.
456 1041 607 1106 immolasti
623 1042 684 1104 illic
707 1043 832 1106 salutem
855 1051 943 1126 tupm,
967 1063 1051 1127 spem
1067 1043 1105 1124 ¹⁵)

96 1154 286 1236 idemtidem
309 1161 388 1219 mem
411 1155 535 1220 funestis
558 1156 615 1219 illis
639 1158 758 1240 ignibus
782 1161 988 1222 concremasti.

561 1353 636 1423 vil.
652 1394 655 1403 ·

172 1497 217 1561 Ac
230 1498 257 1576 ¹)
281 1498 377 1563 moitis
399 1498 539 1582 proprius
561 1499 697 1562 interitus
722 1502 793 1564 setis
818 1518 880 1564 non
910 1499 974 1564 fuit.
1025 1501 1108 1564 Hor-

96 1613 220 1675 tementis
232 1610 259 1692 Ω)
283 1613 391 1676 mutuis
414 1613 445 1674 in
469 1612 590 1674 exitium
613 1612 742 1696 populns
765 1612 899 1693 inpulsus
924 1619 990 1692 est,
1023 1631 1105 1676 mors

19 1739 21 1796 t
96 1727 212 1790 invicem
234 1727 316 1791 letali
338 1726 447 1811 poculo
470 1727 625 1810 propinate
649 1734 704 1790 est.
747 1727 792 1790 Ac
805 1724 832 1805 3)
849 1745 887 1789 ne
903 1725 974 1808 quid
990 1727 1110 1790 deesset

67 1839 129 1903 cad
148 1842 276 1906 criminis
293 1842 450 1921 cumulum,
473 1841 602 1906 infantes
618 1861 738 1924 quoque
754 1848 908 1923 parentum
926 1840 953 1920 4)
973 1844 1107 1906 manibus

96 1955 139 2018 vel
178 1957 300 2041 inpositi
340 1957 388 2020 vel
431 1956 557 2020 adtracti
600 1957 760 2020 emiserunt
800 1957 916 2039 parvuli
956 1955 1037 2048 quod
1079 1958 1109 2019 in

97 2070 182 2150 primo
205 2072 304 2134 stetim
326 2070 486 2134 nativitatis
509 2070 634 2134 exordio
658 2068 776 2152 fuerent
794 2071 957 2132 consecuti.
1001 2069 1109 2133 Nonne

96 2183 140 2264 illi,
162 2203 226 2248 cum
249 2183 350 2249 iudicii
372 2183 436 2248 dies
458 2183 585 2264 venerit,
611 2157 728 2247 dicent:
753 2183 816 2246 Nos
839 2183 909 2246 nibil
933 2183 1059 2246 fecimus
1071 2180 1109 2270 ⁵),

97 2453 179 2520 panton
198 2449 248 2517 [ite
269 2446 343 2511 edd,
371 2459 436 2514 quae
454 2441 627 2495 Eresmiennm
652 2439 874 2510 praecesserunt),
900 2457 931 2493 ex
955 2458 1019 2494 corr.
1038 2459 1059 2494 r.
1077 2458 1110 2494 m.
1153 2435 1157 2442 ’

97 2535 241 2606 5³1¹an0.
276 2533 337 2586 Tum
355 2538 465 2588 bara-ore
483 2537 575 2602 supere
594 2530 634 2581 ed.
653 2528 790 2594 Derecto,
815 2538 839 2583 at
856 2533 948 2600 sapere
968 2530 1005 2581 bin
1025 2537 1051 2582 et
1069 2530 1110 2594 A„

98 2627 190 2694 fidem
213 2621 266 2674 itt.
308 2620 437 2688 Deinceps
461 2617 502 2670 btb
528 2625 554 2670 et
581 2615 619 2668 Bb
645 2621 774 2670 debuerat.
820 2615 867 2686 13)
894 2621 1036 2670 victoriam
1060 2617 1110 2670 Md.

100 2711 165 2777 Quod
187 2714 305 2783 sequitur
327 2711 530 2776 supplicaturus
555 2721 602 2776 pro
626 2705 814 2758 immolator-'ne
839 2713 971 2773 receptum
997 2722 1029 2756 ex
1052 2705 1111 2758 Ver.

98 2797 170 2867 Neep.
189 2799 228 2852 W.
250 2797 329 2850 biebo.
348 2794 411 2848 Bab.
431 2795 467 2860 A3
492 2797 679 2848 a'rnmolatnraae
704 2793 747 2844 vat
770 2795 972 2861 supplicaturos
991 2793 1113 2846 exhibent
1188 2863 1190 2868 ,

98 2888 149 2942 iibri
167 2890 268 2961 quidem
292 2887 387 2955 antiqui
410 2893 436 2937 ct
452 2891 513 2936 vett.
534 2881 591 2934 edd.
612 2898 660 2934 une
687 2897 743 2932 cum
763 2879 856 2932 Menut.
900 2881 945 2949 14)
972 2884 1006 2948 ad
1029 2885 1112 2934 borae

99 2977 154 3046 bico.
173 2979 208 3032 Ba
235 2986 262 3030 et
285 2993 322 3044 pr.
349 2973 390 3026 W.
426 2971 506 3024 Recte
532 2973 565 3024 ad
589 2988 653 3023 arao
672 2967 712 3020 W.
732 2967 781 3018 bid.
801 2966 833 3019 Α.
874 2965 937 3019 Item
965 2967 1023 3020 cdd.
1052 2974 1111 3018 ente

99 3065 176 3121 Belum
195 3082 284 3120 omnes
301 3077 347 3132 pro
366 3065 400 3116 od
420 3079 505 3124 mom,
524 3058 592 3128 quod
610 3057 728 3126 probavit
750 3057 825 3107 etiem
845 3053 935 3106 Goldb.
972 3054 1034 3106 Tum
1053 3057 1113 3124 ipae
1158 3121 1161 3128 Ι

101 3168 144 3207 οιιι.
162 3155 190 3207 Α.
227 3153 273 3213 15)
291 3153 450 3222 rapientium
467 3147 517 3198 bid.
554 3145 612 3197 biox
630 3147 687 3198 otro
706 3143 736 3196 Α.

163 3241 227 3296 1111.Δ
243 3241 271 3311 1)
292 3243 322 3294 dt
340 3239 381 3292 ed.
399 3237 520 3290 Deventr.
556 3234 586 3302 2)
605 3235 766 3288 Ortamentie
785 3231 825 3284 W.
857 3230 937 3284 Abest
954 3231 1110 3299 praepositio

21 3345 23 3386 r
101 3336 153 3380 ante
169 3333 282 3384 exitium
295 3328 409 3391 (accitum
421 3339 457 3391 pr.
478 3321 615 3374 exhibebat
630 3320 674 3386 W)
694 3335 708 3370 a
727 3319 784 3370 cod.
799 3318 835 3382 Α;
853 3322 882 3372 in
900 3323 1013 3373 exitium
1031 3335 1112 3371 etrum

101 3414 458 3486 dnntNeep.etVet.omnes.
488 3409 556 3461 Dein
575 3411 682 3480 papatis
701 3406 787 3458 scribit
800 3406 830 3457 Α.
867 3405 897 3475 3)
910 3410 941 3460 At
954 3404 982 3456 Α.
1018 3404 1046 3471 4)
1059 3423 1110 3473 po·

101 3507 206 3558 rentium
225 3502 265 3555 W.
306 3501 377 3554 Prius
401 3503 444 3554 ecl
468 3515 524 3558 om„
537 3497 595 3550 Ver.
615 3495 696 3563 Neep.
715 3493 781 3546 bibe.
800 3492 846 3547 Bb.
867 3493 894 3547 Α,
931 3492 992 3544 Tum
1016 3495 1110 3546 adtro-

101 3591 163 3642 ct'am
179 3573 309 3644 miserunt
327 3587 521 3640 mendosissime
539 3585 584 3649 bb,
604 3585 717 3637 adtracti
737 3581 777 3632 W.
796 3580 864 3646 bieb,
883 3582 985 3634 attincta'
1003 3579 1037 3643 A,
1056 3581 1109 3632 ad·
1138 3593 1142 3604 ·

102 3679 225 3731 reseram
243 3674 283 3728 tib
302 3683 328 3728 et
345 3673 389 3726 Be.
424 3673 540 3724 Proxime
558 3675 664 3740 parvoli
681 3669 722 3722 W.
741 3669 780 3720 Me
801 3668 942 3732 (excom.)
963 3676 989 3720 et
1005 3682 1042 3735 pr.
1061 3665 1111 3730 tib,

102 3763 131 3815 dc
158 3781 206 3833 qua
236 3767 356 3832 scripturn
384 3761 435 3815 vid.
468 3759 574 3830 sittig.
608 3759 689 3811 Praei.
721 3759 754 3809 ed
781 3755 843 3808 Piin.
870 3763 922 3808 nat.
950 3755 1007 3806 bist.
1035 3752 1062 3805 T.
1090 3750 1110 3805 Ι.

22 3893 23 3900 ,
102 3845 126 3900 Ρ.
144 3849 234 3903 bxxn.
271 3851 409 3921 Praeposit.
428 3855 456 3905 itt
474 3859 532 3902 onte
550 3853 635 3919 prima
654 3848 686 3899 eb
705 3863 726 3900 r.
746 3863 777 3900 m.
797 3862 865 3898 saec.
883 3843 946 3896 xiii.
965 3843 1043 3895 habet
1061 3839 1111 3894 tib.

22 3937 23 3942 ’
104 3933 155 3988 biox
170 3943 279 4006 haerent
301 3943 408 4010 exoptati
429 3939 491 4006 (sic)
511 3941 551 4000 Α;
576 3939 713 3991 cottaacnti
736 3952 774 4004 pr.
794 3936 911 3985 omissum
935 3933 961 3982 in
980 3930 1021 3982 bib
1039 3946 1059 3982 r.
1079 3947 1110 3980 m.

105 4023 200 4080 eddidit.
237 4027 353 4099 5)i1aee
377 4030 403 4083 in
430 4027 486 4082 cod.
506 4026 563 4093 tto,
590 4024 633 4078 ubi
652 4023 676 4076 b.
696 4025 712 4080 t.
731 4023 824 4078 librarii
849 4020 982 4075 oscitantia
1006 4033 1037 4072 ex
1055 4033 1111 4087 cap.
