2866 4804
798 479 842 546 68

310 649 405 732 magis
427 647 492 728 ipse
515 641 631 720 iecerit,
654 646 685 703 ut
708 640 846 722 periret?
890 639 998 702 Nonne
1013 633 1042 716 ⁸)
1064 633 1184 720 wando
1207 633 1244 696 ad
1268 629 1328 696 Ga·

309 761 444 843 pitolium
465 761 572 839 sponte
594 759 715 816 venturu
738 760 805 831 est,
837 750 955 833 quando
985 751 1066 814 uitro
1093 749 1130 812 ad
1154 747 1327 828 obsequium

310 874 366 937 diri
389 872 530 935 facinoris
555 887 709 933 accessum
727 874 782 946 est,
804 867 913 930 labavit
927 883 1063 948 gressus,
1085 865 1223 947 caligavit
1238 881 1328 944 aspe-

309 996 391 1069 ctus,
422 991 607 1050 tremuerunt
636 985 769 1062 viscera,
798 983 919 1046 brachia
950 979 1170 1044 conciderunt?
1218 978 1288 1040 Non
1303 973 1329 1053 9)

284 1116 419 1166 tsensus
443 1096 606 1184 oblstipuit
630 1098 732 1180 lingua
754 1098 865 1176 haesit,
888 1115 988 1159 sermo
1013 1093 1146 1157 defecit?
1191 1091 1276 1156 Stare
1292 1085 1328 1166 Ι(1)
1342 1101 1375 1146 itt

310 1215 369 1278 illic
390 1214 486 1296 potuit
508 1210 556 1274 dei
580 1228 688 1274 servus
712 1215 742 1273 et
763 1209 844 1291 loqui
868 1217 898 1272 et
921 1207 1092 1271 renuntiare
1116 1205 1251 1284 Christo,
1281 1204 1330 1286 qui

310 1331 367 1392 iam
390 1327 508 1392 diabolo
533 1327 757 1390 renuntiaverat
780 1332 810 1388 et
833 1325 981 1388 sacculo?
1032 1324 1100 1386 Non
1121 1320 1158 1398 ¹¹)
1191 1339 1242 1383 ara
1272 1319 1330 1397 ilia,

311 1460 371 1524 quo
394 1442 556 1504 moriturus
579 1439 724 1516 accessit,
753 1454 848 1520 rogus
879 1437 920 1498 illi
951 1433 1030 1497 fuit‘?
1074 1433 1141 1496 Non
1161 1433 1199 1512 ¹²)
1223 1433 1331 1497 diaboli

315 1633 342 1641 —
354 1633 520 1641 ψ’--.

310 1770 363 1822 quo
382 1766 412 1802 ex
437 1765 503 1801 corr.
522 1756 549 1799 et
573 1748 598 1798 iu
623 1753 743 1797 contextu
767 1751 795 1796 et
819 1745 843 1796 iu
872 1760 922 1813 mg.
941 1743 984 1807 W,
1009 1759 1074 1812 quae
1099 1740 1146 1793 Bb.
1193 1739 1223 1804 8)
1241 1721 1334 1795 Noun
1419 1730 1422 1745 ¹

311 1841 356 1903 (ex
375 1853 441 1889 corr.
459 1852 479 1887 r.
499 1836 547 1903 m.)
566 1834 612 1885 blo.
649 1832 708 1885 Post
727 1843 832 1887 verutum
852 1833 891 1883 bid
911 1847 960 1882 om.
979 1841 1027 1884 cst.
1063 1827 1283 1897 Praepositioncru
1302 1829 1335 1880 ad

311 1933 370 1975 ante
389 1926 543 1992 obsequium
562 1938 582 1972 r.
603 1937 635 1972 uu.
655 1920 749 1971 adiecit
768 1921 792 1970 in
812 1917 852 1971 W.
894 1917 964 1968 Idem
989 1916 1055 1968 tiber
1073 1914 1141 1982 quod
1160 1921 1217 1981 post
1235 1929 1331 1967 acces·
1422 1977 1423 1980 Ἴ

310 2027 373 2063 autu
391 2010 505 2077 sequitur
522 2017 563 2062 ost
580 2023 595 2058 a
614 2022 680 2058 corr.
700 2023 731 2058 m.
751 2007 818 2057 inter
835 2021 901 2057 vers.
920 2005 1005 2056 babet.
1049 2002 1147 2054 Ibidem
1166 2015 1205 2068 pr.
1224 2001 1331 2066 iuvabit,

311 2096 404 2148 deinde
423 2100 524 2150 tutabat
542 2097 661 2163 scriptum
683 2104 737 2158 est;
760 2097 862 2148 locauit
879 2092 999 2145 exhibent
1017 2091 1080 2144 Bab.
1117 2089 1175 2140 Mox
1194 2099 1331 2154 tremuere,

311 2184 355 2236 dat
367 2184 405 2235 bic
425 2193 451 2236 et
469 2189 584 2238 membra
602 2199 648 2251 pro
666 2187 774 2237 bractia
793 2181 908 2250 Seguier.
943 2179 972 2247 9)
991 2179 1027 2231 lta
1046 2195 1092 2247 pro
1111 2195 1207 2244 uenite,
1227 2185 1255 2228 ut
1273 2176 1331 2226 edd.

311 2287 360 2339 pn,
379 2269 476 2322 Erasm.
496 2279 521 2322 et
540 2269 649 2334 bisunt,
675 2269 748 2321 codd.
768 2267 808 2320 W.
827 2267 893 2318 uad.
912 2267 974 2318 Bab.
993 2266 1039 2330 Α.;
1066 2267 1090 2316 in
1109 2263 1150 2314 bib
1172 2281 1192 2315 r.
1213 2280 1245 2315 tn.
1264 2279 1332 2314 saec.
1424 2299 1425 2302 η

227 2379 236 2392 ·
309 2357 374 2410 xttt.
395 2358 493 2408 addidit
511 2375 560 2423 ue,·
579 2357 618 2407 Me
637 2357 715 2408 babet
732 2375 796 2411 arum
814 2357 873 2424 (um
892 2373 904 2407 a
925 2373 945 2407 r.
965 2372 997 2408 ur.
1016 2357 1041 2406 in
1061 2369 1110 2406 ras.
1126 2351 1243 2420 scripto).
1280 2352 1332 2404 Ce-

310 2453 391 2496 terum
418 2444 450 2494 de
477 2444 526 2516 boc
553 2444 675 2513 loquendi
694 2462 741 2496 usu
760 2447 809 2496 iarn
829 2447 969 2496 monuimus
987 2447 1012 2495 in
1032 2459 1084 2512 cap.
1106 2443 1226 2510 praeced.
1246 2459 1270 2494 n.
1292 2442 1331 2496 id.

311 2532 376 2583 Dein
396 2536 523 2602 obstipuit
542 2551 643 2588 serious
662 2535 764 2585 inverso
779 2533 866 2585 ordine
880 2533 930 2584 bib.
961 2535 1093 2603 Obstipuit
1106 2531 1168 2596 (vid.
1184 2530 1332 2598 Wagner.

312 2620 345 2671 de
374 2619 538 2687 orthograph.
557 2621 650 2689 Vergit.
671 2621 694 2671 in
714 2621 844 2687 Heyniana
864 2621 961 2690 Virgilii
987 2621 1046 2672 edit.
1066 2620 1121 2673 Vol.
1140 2620 1169 2672 V.
1188 2637 1212 2688 p.
1231 2619 1283 2670 414
1308 2627 1333 2670 et

310 2707 385 2771 461),
404 2707 472 2774 quod
491 2723 537 2774 pro
556 2708 622 2776 vulg.
642 2711 777 2778 obstupuit
795 2710 948 2775 recepimus,
967 2716 1069 2759 tuentur
1087 2709 1163 2758 etiarn
1175 2707 1206 2756 W
1224 2715 1250 2758 et
1268 2706 1331 2761 Mac.

310 2829 372 2880 Turn
395 2811 482 2881 ιιοιιΜ
507 2828 548 2894 (ut
572 2831 659 2896 supra)
685 2833 777 2898 iiupuu
802 2833 921 2883 adhaesit
945 2829 1002 2894 bib,
1030 2832 1148 2884 adiuuerit
1172 2831 1248 2881 etiarn
1269 2828 1332 2893 Bab,
1421 2831 1422 2850 ³

310 2919 430 2978 udbaedit
449 2918 512 2986 (sic)
531 2917 562 2968 A.
599 2917 680 2969 Verba
700 2919 826 2984 proxima:
847 2935 935 2972 sermo
954 2921 1057 2988 defecit,
1078 2933 1128 2968 ont.
1147 2914 1198 2969 Md.
1232 2915 1261 2968 ln
1274 2916 1330 2967 Wa

309 3022 348 3074 pr.
368 3022 399 3056 ιιι.
418 3006 538 3072 scriptum
563 3004 611 3056 fuit
636 3009 729 3074 deficit.
774 3005 916 3074 Legebatur
941 3015 1000 3058 ante
1020 3007 1112 3058 Manut.
1131 2999 1219 3059 sumo
1237 3007 1331 3069 buerit,

309 3133 401 3200 titique
418 3132 519 3197 defecit.
563 3127 607 3196 to)
628 3112 714 3149 'mm
731 3139 804 3183 storo
824 3130 922 3196 (notrae
940 3130 971 3181 ab
990 3146 1011 3181 r.
1031 3129 1065 3182 ut.
1085 3146 1116 3180 ιιι.
1136 3127 1331 3194 supranotato)

310 3215 359 3268 Mb.
396 3215 472 3268 Verb.
498 3221 570 3287 ioqui
593 3233 630 3284 pr.
656 3234 690 3270 m.
709 3219 792 3268 omisit
817 3219 843 3270 in
863 3218 910 3268 bic.
954 3219 1017 3271 Tum
1036 3220 1143 3274 diabulo
1169 3216 1259 3268 scribit
1284 3215 1330 3271 bib.
1420 3279 1421 3296 χ

309 3304 375 3356 Dein
395 3307 566 3358 scurcutiurut
585 3312 667 3355 exstat
684 3307 709 3356 in
728 3303 763 3356 Ba
784 3313 809 3356 et
827 3305 900 3369 Mod,
921 3311 1089 3360 renunciavit
1113 3309 1138 3357 in
1157 3307 1187 3359 Α,
1232 3308 1276 3374 11)
1297 3309 1332 3360 Ita

308 3392 349 3443 W.
370 3391 433 3444 Mad.
446 3390 500 3442 Bab
520 3402 545 3444 et
567 3393 622 3446 liat.
643 3410 732 3445 omnes
750 3409 798 3444 una
818 3410 873 3444 cum
894 3394 952 3444 edd.
971 3411 1008 3462 pr.
1023 3395 1110 3448 Rerub.
1125 3395 1221 3450 Erasm.
1235 3395 1332 3453 Mureti.

307 3499 415 3580 turum,
440 3523 583 3582 utsupra,
610 3515 658 3568 bib.
700 3516 764 3568 Reli.
785 3516 841 3568 iibri
865 3533 940 3568 manu
966 3519 1061 3569 exarati
1081 3527 1107 3570 et
1125 3521 1191 3587 typis
1211 3523 1330 3588 expressi
1420 3505 1421 3560 Ῑ

306 3618 400 3654 nouere.
437 3602 688 3672 {insinuatione
725 3602 753 3654 ln
774 3603 814 3654 bib
833 3613 872 3655 est
891 3625 942 3674 qua
961 3605 1005 3674 (ex
1025 3609 1134 3675 mutat).
1171 3607 1232 3659 Tum
1252 3628 1329 3664 ruor-
1420 3607 1421 3633 ¹

307 3732 372 3775 traua
391 3724 414 3772 in
435 3722 465 3775 Α.
503 3723 549 3792 12)
567 3723 603 3776 lta
624 3740 670 3792 pro
688 3743 774 3778 storius
793 3724 850 3776 libri
869 3742 944 3793 supra
964 3727 1073 3790 laudati3
1092 3712 1190 3793 noum,
1210 3738 1237 3781 ut
1254 3731 1330 3797 solet,

307 3807 356 3859 Mb.
387 3808 434 3860 Ed.
448 3809 545 3864 Mureti.
565 3803 589 3864 b'.
608 3812 625 3864 l.
644 3831 715 3866 uum.
752 3811 802 3863 Pro
821 3816 927 3878 diaboii,
947 3815 1014 3883 quod
1034 3831 1085 3868 om.
1099 3815 1207 3882 Mureti,
1226 3820 1251 3869 in
1272 3819 1329 3871 edd.
1420 3866 1421 3889 ἢ

308 3894 458 3948 Graviauam
477 3900 689 3952 antecedentibus
708 3909 789 3952 exstat
804 3903 855 3954 itii.
887 3901 944 3954 ttox
962 3907 1063 3972 foetere
1080 3919 1126 3970 pro
1146 3904 1213 3974 vulg.
1232 3910 1330 3975 foetore
1420 3912 1421 3948 t

307 3983 395 4048 scripsi
418 3986 599 4050 praeeuntibus
624 3987 699 4041 codd.
719 3987 751 4038 W
770 3996 795 4039 et
813 3987 857 4040 Ba.
896 3989 950 4042 Vid.
975 3990 1087 4059 sitttg.
1107 3991 1190 4044 Praei.
1210 3993 1241 4044 ad
1266 3993 1327 4046 Ptin.
1420 3993 1421 4015 ³

306 4076 358 4120 nar.
371 4070 427 4124 uun
446 4070 472 4123 n.
486 4071 505 4125 t.
525 4072 551 4126 n.
564 4074 647 4128 uxxr.
684 4075 749 4128 uara
768 4077 1001 4148 intimarunt.
1037 4077 1106 4130 raum
1124 4081 1216 4135 autari.
1246 4079 1327 4132 numu
1420 4058 1421 4142 Ξ
