2872 4806
737 423 815 480 xllll

359 589 514 652 stomacho
542 584 747 650 satislacare.“
794 585 838 649 Gt.
869 585 1001 651 eiusdem
1032 589 1148 671 epistol.
1171 588 1210 654 ad
1230 592 1288 654 lac.

298 795 301 802 =
358 712 516 775 Pamelium
540 710 573 774 Τ.
596 729 621 776 o.
644 730 671 793 p.
697 706 769 774 182.

275 831 324 898 10.
357 832 411 896 Ed.
435 831 578 896 Guiliolm.
601 833 725 896 Moralii.
769 834 861 898 Paris.
888 831 979 900 1564.
1004 834 1055 898 111.

275 954 325 1018 11.
358 955 413 1018 Ed.
436 956 611 1018 Pameliana.
663 957 808 1038 Antverp.
836 953 920 1021 1568
951 965 981 1020 el
1006 958 1097 1021 Paris.
1124 955 1290 1024 1598111.

361 1078 438 1142 Usus
461 1084 508 1142 est
529 1078 674 1142 Pomelius
697 1080 830 1160 pluribus
861 1080 1012 1144 codicibus
1034 1083 1165 1166 Belgicis
1195 1085 1292 1164 iisque

361 1200 519 1264 deterioris
552 1209 659 1282 notae,
693 1204 801 1285 quibus
833 1203 919 1266 nimis
952 1203 1081 1268 confisus
1114 1205 1292 1288 cyprianum

363 1343 424 1388 non
447 1325 541 1407 magis
565 1324 743 1402 emendavit,
768 1343 854 1406 quarn
878 1324 1059 1408 depravavit.
1098 1326 1164 1399 Quo
1185 1327 1293 1390 lactum

362 1455 417 1527 est,
440 1454 472 1510 ut
494 1448 718 1528 corruptionum
741 1453 772 1512 cl
793 1448 1070 1529 interpolationum,
1094 1451 1200 1530 quibus
1224 1457 1294 1513 tex-

362 1577 421 1633 tnm
444 1571 625 1652 inquinavit,
651 1572 700 1634 vel
722 1571 867 1634 maximus
890 1589 1032 1635 numerus
1056 1573 1085 1634 in
1107 1573 1294 1655 posteriores

363 1694 563 1776 melioresque
587 1694 735 1756 editiones
759 1695 914 1776 irreperet.

280 1815 328 1884 12.
363 1815 416 1880 Ed.
437 1816 611 1898 Rigaltiana.
656 1817 746 1879 Paris.
773 1813 941 1881 1648111.

282 1937 329 2003 13.
363 1939 416 2002 Ed.
440 1939 622 2004 Oxouieosis
646 1959 663 2002 e
686 1939 801 2002 theatro
826 1939 1036 2004 Sheldoniano.
1064 1936 1155 2003 1682.
1180 1939 1230 2002 iol.

281 2058 329 2127 tt.
364 2061 418 2124 Ed.
442 2061 583 2143 Stephani
605 2061 726 2124 Baluzii.
770 2061 860 2122 Paris.
890 2057 1034 2124 172611
1058 2059 1108 2124 iol.
1132 2079 1209 2123 max.

281 2183 330 2249 15.
362 2186 415 2250 Ε11.
441 2185 661 2249 Goldlrorniana
684 2182 733 2268 (in
758 2182 961 2248 Gersdorl.
984 2183 1157 2248 Bibliotheo.
1181 2184 1298 2246 Petrum

365 2309 431 2372 Vol.
454 2309 499 2371 lll.
521 2309 551 2370 Ρ.
574 2305 637 2391 ll).
681 2307 760 2390 Lips.
786 2302 880 2368 1839.
904 2303 933 2369 8.

367 2432 420 2494 llis
442 2432 532 2513 igitur
554 2431 672 2493 auxiliis
697 2430 805 2492 criticis
820 2430 980 2491 instructus
996 2428 1032 2490 ad
1048 2426 1299 2510 praestantissima

282 2553 422 2637 Cypriani
453 2552 594 2634 opuscula
627 2551 811 2614 emendanda
838 2551 1077 2633 expoliendaqne
1100 2569 1148 2611 me
1171 2547 1298 2627 adcinxi,

281 2677 311 2738 id
334 2674 466 2757 inprimis
489 2682 646 2755 spectans,
673 2681 704 2736 ut
728 2681 840 2736 textum
863 2673 899 2735 ad
924 2672 1011 2736 litlorn
1034 2673 1300 2735 vetustissimorum

189 2837 192 2842 ,
283 2803 371 2878 alque
394 2797 571 2878 optimorum
595 2796 731 2860 codicum
755 2815 955 2878 expurgatam
987 2801 1034 2874 et,
1066 2801 1205 2876 quantum
1235 2794 1301 2857 lieri

281 2929 397 3004 posset,
420 2921 456 2983 ad
479 2923 632 3003 pristinam
655 2921 778 2986 lormam
801 2919 987 2983 reducerem.
1030 2919 1033 2928 '

371 3095 541 3160 Scribebam
566 3097 714 3160 Monachii
737 3045 859 3160 1111111
882 3110 984 3156 mense
1007 3093 1085 3177 Maio
1113 3091 1205 3158 1853.

744 3495 798 3560 JO.
822 3494 1010 3561 GEORGIUS
1033 3494 1260 3558 ttnnsstttttnn.
