2872 4806
586 463 627 529 ii

105 620 229 683 sistente
259 617 367 684 Azania
390 620 550 687 sacerdote
581 621 788 705 obtemperare
819 609 918 686 nollet?
936 629 967 686 et
999 604 1119 703 cedere,

107 733 205 796 divina
228 731 432 822 indignatione
456 735 599 799 contusus
623 742 652 798 et
673 736 775 818 leprae
797 737 941 799 varietate
967 737 998 799 in
1021 735 1121 800 fronte

105 847 266 910 maculatus
290 853 352 930 est,
376 867 413 912 ea
435 856 519 932 parte
559 855 570 926 t
607 851 744 931 corporis
767 856 885 913 notatus
917 851 1033 914 offenso
1056 849 1118 913 do*-
1130 843 1171 888 ²⁰¹

105 961 203 1040 mino,
235 960 286 1023 ubi
308 961 464 1045 signantur
486 961 537 1043 qni
560 961 709 1024 dominnm
741 969 958 1044 promerentur.
1003 963 1040 1056 iit
1070 961 1122 1025 nm

8 1109 10 1117 ι
67 1074 224 1153 aAaron,
248 1077 298 1156 qui
320 1077 517 1159 inposuerant
540 1077 624 1142 altari
652 1078 752 1159 ignem
776 1077 919 1155 alienam,
951 1095 1038 1157 quem
1060 1093 1122 1139 non
1236 1149 1241 1160 Ι

105 1195 301 1270 praeceperat
323 1186 476 1267 dominns,
507 1189 537 1250 in
561 1194 724 1271 conspectu
758 1189 854 1252 statim
887 1187 998 1252 domini
1019 1186 1122 1252 vindi-

105 1297 235 1379 aandsfi)
258 1301 398 1364 exstincti
417 1306 493 1364 sunt.

558 1495 668 1563 xvtt.

192 1641 276 1716 Onos
292 1619 442 1704 imitantur
457 1640 571 1704 scilicet
586 1647 675 1721 atque
690 1645 841 1704 sectantur
856 1641 906 1722 qui
923 1640 971 1704 dei
985 1637 1007 1721 ¹)
1026 1640 1122 1705 tradi-

104 1753 187 1818 tione
212 1759 379 1834 contempta
409 1752 521 1814 alienas
545 1751 695 1816 doctrinas
727 1751 868 1833 adpetunt
891 1759 920 1816 et
952 1756 1122 1838 magisteria

69 1868 253 1930 rahumanae
274 1865 465 1930 institutionis
488 1863 647 1944 inducunt,
678 1873 755 1946 aptos
778 1867 911 1948 increpat
934 1866 1069 1931 dominas
1094 1875 1124 1932 et

105 1981 246 2062 obiurgat
262 1978 290 2039 in
315 1977 471 2060 evangelio
495 1994 551 2039 suo
571 1974 729 2053 dioens²):
751 1975 920 2058 deicidis-³³)
944 1981 1124 2044 mondomm

104 2093 176 2169 dei,
200 2100 236 2154 at
256 2092 458 2153 traditionem
479 2099 616 2152 cestram
638 2091 797 2153 statuatis.
841 2092 927 2155 Peius
938 2089 965 2172 ⁴)
986 2096 1045 2158 hoc
1061 2095 1124 2156 cri-

103 2223 173 2266 men
199 2210 263 2282 est,
287 2221 375 2286 quam
398 2203 478 2285 quod
502 2202 657 2265 admisisse
683 2203 757 2285 lapsi
773 2203 927 2285 videntur,
951 2208 1001 2288 qui
1024 2213 1124 2270 tamen

105 2318 344 2398 inpoenitentia
374 2320 503 2382 criminis
526 2319 677 2380 constituti
708 2317 795 2380 deum
817 2319 912 2400 plenis
943 2321 1125 2385 satisfactio-

69 2449 91 2491 o
104 2435 192 2498 nibus
224 2432 432 2514 deprecantur.
477 2433 531 2496 Hic
540 2431 568 2511 ⁵)
598 2434 726 2498 ecclesia
757 2436 908 2514 quaeritur
930 2441 960 2496 et
989 2441 1122 2517 rogator,

104 2551 317 2562 ---·-—-—-..-

174 2589 203 2654 6)
223 2593 370 2643 iudicantis
389 2589 419 2641 Α.
451 2588 491 2640 De
511 2590 640 2658 utriusque
660 2588 731 2641 verbi
750 2590 935 2658 permutatione
953 2589 1020 2642 haud
1038 2591 1121 2643 inire-

103 2678 191 2746 quenti
216 2677 266 2728 vid.
287 2692 353 2745 quae
384 2676 504 2728 adnotavi
527 2677 551 2726 in
571 2673 752 2744 Ephemeridd.
773 2677 892 2728 litterari.
912 2676 1025 2729 Monacc.
1047 2677 1122 2732 1850.

102 2763 145 2817 Nr.
165 2763 206 2815 52.
229 2779 253 2829 p.
273 2763 333 2814 421.

173 2849 247 2902 XVII.
276 2851 302 2914 1)
322 2853 422 2905 donnini
440 2849 485 2900 Bb.
522 2849 570 2900 Pro
591 2860 733 2921 contempta
752 2849 788 2902 Ba
808 2860 936 2922 temptata.
971 2851 1030 2903 Mon
1044 2869 1121 2918 ¹cass-

101 2941 252 2994 stitastiom's
271 2937 316 2988 Bb.
352 2937 380 2998 2)
400 2936 474 2988 Maro.
493 2937 518 3000 7,
538 2935 581 2986 9..
599 2934 627 3002 3)
648 2941 777 2991 didicistis
797 2935 851 3002 Bb,
869 2941 974 2993 reicitis
991 2938 1046 2991 rell.
1064 2939 1123 2991 iibri

100 3029 181 3079 nostri
201 3035 309 3095 excepto
329 3023 378 3089 tte,
398 3024 440 3093 qai
458 3024 554 3076 verba:
574 3026 699 3078 Reiicitia
719 3027 872 3084 mandatam
890 3029 940 3090 dei,
958 3035 988 3079 ast
1005 3026 1037 3077 ab
1056 3043 1074 3078 r.
1088 3045 1122 3083 m.
1175 3031 1180 3036 '

100 3117 125 3165 in
154 3130 204 3182 mg.
223 3113 310 3166 habet.
336 3101 385 3164 'Ad
409 3116 512 3166 reicitis
537 3114 562 3163 in
587 3111 628 3162 tta
656 3111 757 3163 additur
782 3115 874 3182 inquit.
918 3111 979 3164 Tum
1004 3123 1123 3168 oestrum

99 3205 203 3270 punctis
222 3209 335 3252 notatum
353 3203 378 3252 in
399 3200 452 3264 iia,
479 3202 597 3251 omissum
620 3201 643 3251 in
663 3199 703 3250 W.
740 3198 839 3250 Deinde
859 3205 954 3254 tuentis
973 3201 1035 3266 (sio)
1056 3217 1070 3252 a
1089 3217 1121 3252 m.

100 3306 147 3357 pn,
167 3305 182 3340 a
202 3304 222 3340 s.
241 3289 308 3340 inter
325 3304 391 3340 vers.
411 3291 537 3342 statuatis
555 3286 602 3338 Mc.
637 3288 668 3351 4)
687 3289 758 3342 liius
779 3285 823 3339 Bb.
862 3283 966 3352 „Codex
978 3285 1121 3340 *Gratiano-

8 3398 12 3406 ·
99 3376 245 3443 politanus:
265 3379 347 3430 Peius
366 3381 415 3428 noc
433 3379 533 3428 crimen
551 3385 591 3428 est
610 3393 687 3445 paam
706 3378 773 3444 qaod
789 3379 818 3428 m·
835 3379 881 3444 qai
898 3378 1123 3445 sacrificaverunt

100 3466 247 3516 admisisse
264 3465 331 3530 tapsi
348 3465 479 3516 videntur.
514 3461 608 3514 Verum
626 3461 692 3514 istud
711 3461 839 3527 glossema
858 3471 913 3526 est,
940 3461 1008 3529 quod
1028 3477 1058 3512 ex
1078 3477 1123 3514 aaa

99 3548 159 3600 iibri
177 3550 280 3618 irrepsit
297 3549 322 3598 in
335 3550 454 3599 textum.“
486 3551 631 3602 Baiasins.
653 3576 683 3586 -
705 3565 782 3616 qaaam
801 3549 868 3616 quod
886 3550 928 3614 ta'j
946 3551 992 3618 qui
1010 3552 1121 3618 sacrifi-

101 3646 230 3690 caverant
255 3638 398 3690 admisisse
417 3640 478 3697 (om.
498 3639 579 3704 tapsi)
598 3638 720 3690 videntne·
744 3634 847 3708 exhibet
866 3633 901 3698 A3
928 3640 1057 3691 amisisse
1074 3633 1122 3687 Bb.

101 3723 161 3775 Mox
179 3727 209 3776 im
226 3727 366 3793 potentiam
390 3722 447 3773 edd.
467 3721 511 3774 SP.
531 3731 561 3776 et
574 3719 665 3772 Venet.
688 3722 725 3786 1.,
751 3725 780 3774 in
801 3726 971 3793 penitentiam
989 3720 1120 3786 Daveatr.‚

101 3814 126 3863 in
144 3814 331 3882 poenitentiam
349 3818 408 3861 ante
427 3809 520 3862 Manat.
541 3825 636 3862 omnes.
673 3809 721 3860 Pro
740 3813 816 3864 Mum
836 3809 893 3862 Ver,
913 3819 939 3861 et
956 3807 1010 3861 Bab
1032 3813 1121 3864 domi-

102 3917 174 3951 nam.
211 3895 272 3948 Turn
295 3899 402 3965 plautius
420 3898 452 3949 Α.
495 3897 524 3966 5]
542 3899 601 3951 iilic
622 3927 652 3936 —
673 3901 716 3952 iaia
741 3912 787 3966 pro
806 3901 849 3951 tric
869 3931 900 3940 —
920 3901 976 3951 iilic
995 3897 1036 3948 Mb
1056 3897 1121 3948 οιΑ

104 4055 181 4128 idque
200 4063 354 4109 constanter.
386 4052 451 4107 Deio
469 4065 493 4111 st
510 4058 622 4112 ecstasis
637 4054 683 4122 Ba,
701 3986 939 4130 caatesiaquaoar·
952 4051 1007 4123 (dci
1018 4069 1040 4105 a.
1054 4067 1074 4105 s.
1087 4067 1120 4106 m.
