2874 4806
592 473 654 542 158

112 648 182 697 num
206 632 366 715 conloquia
389 632 503 698 incesta
525 635 672 717 miscere,
702 637 807 702 audire
836 637 917 720 quod
946 657 1007 704 non
1036 639 1133 721 decet,

112 748 193 829 quad
217 747 370 813 nonlicet
393 747 513 828 dicere,
546 751 720 831 obversari,
751 770 820 818 esse
850 761 1027 836 praesentes
1057 756 1135 818 inter

112 864 205 927 verbo
227 864 325 945 turpia
349 871 379 927 et
401 864 565 930 temulenta
587 867 744 948 convivia,
775 868 883 949 quibos
907 869 1060 936 libidinum
1082 870 1134 934 io-

113 993 178 1040 mes
200 977 383 1058 accenditur,
407 995 520 1061 spansa
543 979 581 1042 ad
602 982 773 1063 patientiam
795 985 900 1066 stupri,
924 984 962 1047 ad
984 985 1135 1049 audaciam

86 1101 243 1172 ⁵sp0usus
265 1093 418 1157 animatur.
465 1095 538 1168 Quis
565 1095 607 1158 illi
623 1091 651 1173 ³)
681 1097 712 1158 in
739 1097 850 1178 nuptiis
878 1097 964 1162 lacos
995 1106 1057 1177 est,
1089 1100 1137 1163 cui

112 1205 227 1270 animus
250 1207 289 1270 od
311 1207 431 1290 nuptias
452 1224 514 1272 non
537 1214 600 1288 est,
630 1215 681 1271 eut
712 1209 879 1292 voluptaria
907 1210 968 1272 illic
998 1217 1029 1272 et
1059 1211 1137 1274 laete

114 1336 187 1384 esse
215 1337 293 1401 quae
322 1326 468 1402 possunt,
498 1320 549 1382 ubi
580 1326 610 1382 et
634 1319 731 1384 studia
754 1328 785 1383 et
807 1327 877 1384 vate
901 1321 1021 1386 diversa
1044 1325 1137 1388 sunt?

114 1433 195 1510 Quid
216 1435 276 1498 illic
305 1434 443 1514 discitur,
475 1434 546 1516 quid
576 1435 720 1499 videtur?
772 1436 920 1510 Quantum
942 1451 959 1502 a'
981 1441 1137 1522 proposita

114 1567 175 1614 suo
199 1549 284 1636 virga
306 1550 406 1615 deficit
418 1547 456 1632 ⁴),
480 1548 599 1632 quando
621 1548 730 1632 pudiea
751 1569 827 1632 quae
842 1561 977 1634 venerat,
999 1553 1136 1636 inpudice

119 1711 326 1729 ...σκιά-Ι-

114 1818 228 1878 carceri
248 1811 367 1866 Dareotr.
385 1815 413 1864 et
430 1807 504 1864 Gran.
542 1805 618 1875 Quod
642 1805 720 1880 vulga
747 1810 863 1879 requitur
885 1819 910 1866 et
934 1812 1008 1864 omisi
1034 1820 1139 1868 auctore

116 1905 176 1960 eod.
187 1904 242 1968 llo3
260 1907 370 1970 promtam
382 1899 450 1952 enim
463 1896 616 1964 asyndeton.
652 1893 682 1966 ³)
696 1900 750 1964 Dat
761 1901 819 1952 ittia
830 1894 875 1962 D.;
893 1899 953 1954 sun
966 1899 1006 1952 W.
1020 1899 1085 1956 lleb.
1097 1901 1138 1956 Fr.

116 1993 200 2048 Emm.
221 1989 245 2043 1.
264 1991 292 2041 Α.
311 1989 351 2056 [in
368 1985 408 2038 lle
427 2002 443 2040 a
462 1985 585 2051 erasum),
605 1986 648 2038 r'tli
664 1981 707 2034 lttd
726 1999 748 2035 c.
768 1983 850 2036 aditis.
888 1982 950 2037 Tum
967 1991 1068 2044 autoris
1087 1991 1140 2057 [pr.

116 2079 234 2153 narpttr‘e)
253 2085 279 2130 et
298 2080 391 2148 quitus
409 2089 456 2141 pro
479 2077 524 2127 cot
540 2069 569 2124 B.
614 2069 715 2123 Deinde
745 2071 813 2122 idem
838 2071 905 2124 liber
929 2079 1045 2130 cottias.
1080 2076 1139 2130 Mox

118 2185 167 2239 pra
185 2168 334 2237 voluptaria
352 2160 396 2215 Fr.
413 2159 496 2213 Emm.
517 2163 539 2214 1.
557 2163 727 2225 calcinaria,
746 2161 806 2210 item
824 2176 862 2228 pr.
883 2159 938 2227 lla,
958 2178 973 2213 e
991 2179 1012 2216 s.
1032 2181 1065 2216 m.
1084 2184 1137 2220 aa.

118 2331 258 2383 tamarica.
295 2321 380 2378 Statim
396 2267 450 2378 tat:
467 2319 494 2388 [a
511 2317 543 2370 ab
561 2333 582 2370 r.
596 2332 630 2370 m.
647 2318 788 2387 superrat.)
807 2319 877 2372 idem
895 2319 968 2386 liber,
987 2325 1139 2378 volontarie

120 2450 152 2460 -
177 2419 226 2469 tata
249 2411 307 2465 edd.
325 2410 370 2464 SP.
388 2407 487 2475 linum,
511 2409 661 2462 catorrtara'c
680 2435 711 2444 —
732 2409 797 2462 taeta
815 2405 905 2460 Vener.
927 2411 949 2460 1.
968 2408 992 2460 2.
1013 2409 1136 2462 Deveutr.

118 2501 225 2568 Romo,
250 2502 415 2554 calamariae
435 2525 467 2538 -·
487 2499 570 2550 laetae
595 2493 691 2548 Erasm.
711 2493 785 2547 Grau.
804 2494 918 2562 llarell.,
942 2500 1091 2566 catartaria
1113 2507 1138 2552 aa

28 2609 32 2620 ·
118 2596 185 2646 tacte
212 2606 273 2644 esec
299 2595 413 2656 possuntt
435 2583 494 2648 lld,
522 2586 673 2651 calcatoria
699 2611 730 2622 -·
758 2584 826 2636 taeta
852 2583 928 2636 codd.
952 2584 1008 2636 rell.
1032 2601 1055 2638 c.
1078 2584 1137 2637 edd.

118 2677 213 2730 llanot.
226 2675 321 2728 Pamel.
338 2674 480 2742 ceterisque
499 2670 693 2739 posterioribus.
724 2669 791 2722 Part.
809 2679 909 2726 etanta
927 2676 1017 2727 siradio
1034 2687 1083 2726 om.
1097 2672 1136 2726 W.

118 2767 150 2834 4)
169 2765 268 2818 Desunt
285 2763 348 2814 haec
365 2760 446 2815 verba
463 2762 488 2812 in
506 2758 549 2812 Fr.
567 2759 649 2811 Emm.
671 2758 704 2824 1.,
724 2759 758 2829 qn
779 2760 808 2826 (i.
829 2775 852 2813 e.
872 2763 984 2829 quanda,
1004 2777 1018 2812 a
1037 2777 1069 2812 m.
1088 2777 1138 2829 pn,

118 2871 134 2905 a
152 2869 172 2905 s.
191 2852 327 2923 quantum)
343 2880 372 2888 -
385 2854 461 2919 cirac
480 2852 565 2918 delicit
583 2849 690 2917 (defecit
709 2846 774 2910 lib),
796 2851 833 2916 qn
846 2851 1008 2916 impudicicr
1027 2877 1061 2886 —
1078 2867 1136 2917 po-

118 2945 177 2996 dica
187 2942 299 2994 discedit
310 2937 413 2990 exhibet
425 2936 478 2999 llc;
497 2943 622 3005 rouretum
641 2937 802 3004 impediatur
814 2963 848 2973 -
860 2939 959 3006 portica
971 2939 995 2989 d.
1008 2935 1058 3002 lld,
1078 2936 1138 2986 item

117 3027 177 3082 Ver.
188 3035 215 3080 et
224 3024 371 3078 Corbaieus.
380 3025 506 3092 probante
514 3021 639 3092 lligalti03
652 3033 777 3092 quasnam
783 3027 907 3092 pudiciar
920 3053 947 3063 -
959 3025 1098 3094 impudica
1107 3021 1138 3088 B,

350 3118 371 3168 te'
1189 3155 1195 3166 .

118 3196 244 3257 errantum
260 3187 346 3254 pediti
353 3203 385 3238 ar
409 3187 441 3251 (ti
459 3182 490 3235 ab
514 3183 547 3235 al.
565 3199 598 3234 ur.
618 3197 694 3250 supro
720 3182 820 3251 addito)
839 3211 870 3222 -
889 3187 1021 3262 inpudica
1046 3187 1070 3238 d.
1089 3182 1139 3248 lla,

118 3284 245 3347 quantum
265 3276 387 3342 pudicior
412 3273 583 3340 (impudiciar
610 3271 661 3338 pr.)
687 3297 720 3310 ·-
743 3271 870 3339 inpudica
895 3269 920 3322 d.
943 3269 985 3334 W,
1014 3280 1140 3340 quantum

118 3365 304 3434 impudiciciar
332 3363 433 3430 (tapod.
458 3358 499 3411 Fr.
523 3357 604 3411 Emm.
631 3358 667 3427 1.)
697 3387 729 3398 —-
755 3362 855 3429 pudica
883 3362 906 3412 d.
939 3357 981 3411 Fr.
1007 3357 1089 3411 Emm.
1117 3361 1139 3410 1.

120 3467 142 3504 e.
163 3449 221 3504 cdd.
242 3457 305 3501 vett.
324 3456 350 3500 ct
367 3447 471 3515 liemb„
496 3459 591 3518 quanta
614 3451 788 3519 impudiaior,
816 3464 882 3517 quac
899 3456 1009 3501 cerneret
1028 3449 1137 3517 pudica,

120 3538 255 3602 dllanot,
268 3546 363 3607 quarata
374 3539 471 3605 podica
483 3565 526 3604 -,
539 3539 731 3607 impudiciard.
742 3535 849 3600 Mureti,
865 3538 969 3605 quanda
981 3539 1080 3603 podica
1095 3562 1138 3602 -,

119 3627 280 3694 impudiciar
308 3627 333 3677 d.
356 3621 469 3688 Erasm,
500 3627 601 3693 quanda
627 3627 725 3694 patrea
758 3652 806 3692 -‚
840 3626 975 3692 impudica
1005 3625 1028 3676 d.
1064 3619 1138 3672 Grau.

119 3711 188 3766 Pam.
207 3710 262 3781 Rig.
282 3709 329 3763 Ox.
348 3710 433 3764 Belua.
452 3711 541 3764 Goldh.
575 3710 632 3781 Ego
652 3707 755 3764 s'ecotos
774 3728 829 3764 sum
847 3711 937 3763 librum
955 3709 1012 3776 llb,
1036 3712 1080 3779 qui
1105 3711 1140 3760 ita

122 3798 236 3851 exhibet:
255 3802 356 3867 quando
373 3802 469 3868 pudica
487 3787 553 3868 qnae
571 3809 693 3864 venerat,
715 3802 843 3868 inpudica
860 3801 981 3852 discedit.
1019 3796 1140 3849 Similiter

121 3886 215 3938 Noster
234 3886 265 3938 ad
283 3885 408 3939 Donatum
433 3903 460 3955 p.
479 3887 518 3938 4.:
545 3903 611 3957 φησι
633 3889 733 3956 portico
756 3890 875 3953 sortasse
899 3888 933 3939 ad
957 3889 1139 3954 spectaculum

119 3985 241 4029 matrona
263 3985 449 4044 processerat,
477 3977 509 4030 da
534 3977 685 4044 spectacula
709 3977 857 4030 revertitur
881 3975 1016 4044 inpudtca.
1061 3971 1089 4023 lc
1114 3969 1137 4022 Α

121 4061 270 4116 exciderunt
287 4061 352 4118 heac
371 4072 399 4116 et
415 4079 487 4134 seqq.
505 4079 587 4133 osque
606 4061 638 4116 ed
654 4063 735 4118 verba
753 4079 784 4118 cc
801 4071 894 4117 mente.
