2874 4806
590 455 650 521 101

120 616 176 699 qui,
199 613 255 679 atsi
270 611 295 693 ¹)
316 611 454 677 nefandis
476 611 628 678 sacrificiis
650 632 754 678 manus
769 631 829 678 non
844 587 1126 694 contaminaverunt,

119 727 222 790 libellis
251 733 349 790 teman
380 725 593 818 conscientiam
622 726 801 808 polluerunt
843 724 881 790 llt
907 727 955 792 illa
977 727 1127 810 professio

119 838 197 920 esti)
213 839 398 922 denegantis,
420 839 597 902 contestatio
614 845 660 904 est
674 839 831 904 Christiani
847 839 928 922 quod
951 838 1048 904 iuerat
1070 841 1128 904 ab·

119 952 241 1016 naeniis.
280 950 401 1014 Fecisse
424 966 458 1013 se
481 949 555 1014 dixit
578 951 717 1032 quicquid
730 947 758 1030 ³)
782 951 855 1014 alius
880 950 1019 1020 iaciendo
1042 973 1129 1018 com-

97 1067 201 1145 nmisit,
225 1082 353 1146 cumque
375 1064 516 1146 scripturn
538 1065 594 1127 sit:
618 1064 688 1128 Non
707 1066 842 1146 potestis
857 1065 978 1131 duobus
993 1069 1130 1132 dominis

118 1181 245 1258 servire,
262 1179 386 1242 servivit
400 1179 545 1243 saeculari
561 1179 691 1259 donnino,
711 1181 926 1262 obtemperavit
941 1182 1005 1245 eius
1022 1182 1130 1261 edicto,

118 1294 209 1376 magis
234 1292 388 1357 obaudivit
409 1293 539 1359 humano
569 1294 705 1376 inperio,
736 1313 823 1376 quarn
846 1295 913 1361 deo.
958 1295 1071 1359 Viderit
1092 1314 1130 1359 an

118 1406 230 1469 minore
261 1405 311 1468 vsl
339 1405 489 1470 dedecore
505 1404 533 1486 ⁴)
556 1406 606 1471 vel
629 1407 752 1470 crimine
774 1407 852 1490 apud
873 1408 1008 1473 homines
1029 1408 1131 1491 publi-

120 1519 229 1582 caverit
264 1517 344 1601 quod
378 1517 495 1582 admisit
503 1539 511 1595 ;
546 1519 633 1582 deum
666 1525 764 1582 tamen
797 1519 923 1584 iudicem
959 1520 1066 1604 iuqere
1099 1528 1130 1584 et

88 1649 110 1692 ro
122 1635 211 1697 vitare
233 1651 295 1698 non
317 1633 437 1716 poterit,
459 1652 527 1697 cum
549 1632 627 1697 dicat
642 1635 761 1717 spiritus
776 1642 896 1698 sanctus
912 1635 941 1697 in
956 1625 1076 1740 psalmis
1089 1631 1129 1710 ⁶):

118 1769 325 1784 w

183 1832 258 1888 XXII.
278 1833 307 1902 1)
324 1843 349 1890 st
366 1837 456 1926 quisi
472 1849 510 1902 pr.
525 1833 574 1886 tib.
611 1833 701 1888 Statim
718 1840 864 1908 nephandis
877 1836 918 1889 111
938 1843 963 1888 et
974 1836 1007 1903 A,
1024 1837 1134 1906 nefandi

119 1993 164 2047 lic.
198 1991 261 2046 Post
277 2007 340 2046 vero
359 1941 589 2048 candidaverunt
613 1961 710 2062 (littera
734 2013 751 2048 a
775 1993 807 2046 ab
825 2009 845 2047 r.
864 2007 897 2048 m.
915 1993 1057 2064 superscr.)
1076 1991 1131 2058 lid3

120 2087 168 2132 tum
191 2083 354 2135 concientia
377 2094 423 2150 pro
450 2083 637 2135 scandentium
658 2077 776 2133 sollemni
801 2080 950 2134 conlacione
969 2079 1012 2134 Ba.
1047 2079 1131 2132 Dein·

122 2181 178 2235 ceps
199 2169 319 2238 poliuere
342 2165 390 2221 lte.
432 2167 460 2228 2>
485 2170 533 2222 tux
551 2171 599 2222 ilia
615 2173 785 2239 professione
808 2167 865 2232 litu
885 2198 916 2207 —
934 2169 1067 2238 professio
1092 2176 1132 2221 est

121 2255 286 2326 deneqantis,
310 2258 463 2310 contestatio
481 2265 522 2309 est
540 2258 690 2310 Christiani
709 2257 805 2325 optime
823 2255 863 2310 W.
882 2254 945 2308 blac.
964 2252 1001 2306 Bb
1021 2253 1132 2322 aditique
1174 2248 1179 2256 '

121 2349 187 2407 vett,
204 2345 340 2414 professio
357 2352 399 2398 est
416 2347 504 2414 deasq.
525 2347 693 2399 contestatio.-
712 2354 752 2399 est
765 2347 826 2400 Oba.
846 2352 895 2396 ete.
907 2341 1044 2406 Rembolt.‚
1062 2343 1132 2411 prof.

121 2439 158 2482 est
176 2433 263 2501 decep.
283 2439 392 2485 constet.
410 2432 472 2486 Cbr.
492 2428 537 2496 Ba,
555 2437 627 2502 prof.
651 2442 691 2487 cst
714 2436 802 2503 deasq.
827 2450 887 2487 cum
911 2435 1047 2486 testatione
1071 2431 1132 2484 Oba.

122 2517 165 2584 1.,
182 2521 319 2589 professio
344 2520 474 2589 denepans
499 2527 546 2572 etc.
572 2519 621 2570 lild.
641 2548 674 2558 -
693 2525 763 2591 pref.
787 2523 938 2592 Mrsepantis
961 2526 1069 2573 conatast.
1094 2525 1135 2571 est

123 2609 179 2660 Cbr.
197 2605 320 2657 Erasmus
338 2607 467 2676 ceterique
485 2609 650 2660 recentiores.
681 2605 743 2658 Tum
761 2611 899 2662 adnuentis
914 2606 965 2670 bie,
985 2607 1135 2660 adinventis

122 2690 151 2741 W
169 2701 195 2745 et
210 2691 257 2745 Ba.
299 2691 329 2762 3)
348 2697 473 2764 quidquid
491 2695 530 2747 W.
549 2694 598 2748 Mb.
617 2693 669 2762 Ba,
689 2699 807 2766 quitquid
824 2695 875 2748 lid.
912 2693 976 2746 Dein
995 2695 1063 2747 alios
1082 2691 1133 2744 Mb.

122 2778 309 2836 Ecanrnsisita
321 2797 360 2850 pr.
373 2798 405 2834 m.
420 2781 529 2833 effictum
542 2789 581 2834 est
590 2786 714 2854 premisit
726 2785 751 2834 in
766 2781 815 2834 llb.
848 2781 909 2832 Turn
922 2783 1044 2852 quoniam
1056 2781 1133 2834 scri-
1219 2779 1221 2786 ’

120 2879 191 2938 pians
210 2873 247 2926 sit
265 2869 296 2922 tt.
332 2868 387 2922 Vid.
406 2868 492 2922 llatth.
512 2870 543 2935 6,
562 2871 604 2922 24.
640 2873 698 2925 Non
717 2873 831 2941 potestis
849 2885 898 2922 orn.
917 2866 965 2920 lib.
1000 2865 1049 2917 Pro
1068 2879 1133 2920 ser-

122 2975 185 3027 aiait
201 2975 271 3027 idem
288 2974 367 3027 babet
383 2957 488 3062 servii}
507 2974 587 3043 (sict,
612 2979 697 3032 seruit
720 2981 765 3044 pr.'
776 2975 824 3029 lic.
862 2973 936 3038 Quod
955 2979 1014 3024 ante
1033 2973 1133 3024 obtens-

121 3087 221 3152 perscit
237 3083 276 3152 (in
294 3084 336 3136 lib
355 3091 437 3136 exstet
454 3082 579 3153 optemp.)
598 3084 624 3134 in
640 3080 829 3150 exemplaribus
847 3077 945 3130 Erasm.
964 3075 1038 3128 Gran.
1053 3071 1133 3126 Oxon.

122 3169 204 3226 lialun,
223 3181 300 3242 atque
318 3170 407 3224 Goldlr.
425 3171 551 3240 reperitur
575 3178 602 3223 et
625 3172 652 3222 in
678 3169 719 3221 ltlb
739 3186 752 3220 u
771 3185 792 3221 r.
810 3185 842 3220 nr.
860 3169 980 3218 intrusum
1008 3170 1047 3215 est
1070 3176 1133 3229 pro-

27 3257 32 3280 '
122 3277 210 3315 nornen
235 3261 307 3314 relat
326 3263 371 3331 qai
395 3275 445 3312 om.
464 3259 540 3311 codd.
558 3258 599 3312 W.
619 3257 691 3310 llacd
710 3255 755 3309 Ba.
776 3256 797 3308 Α
822 3255 932 3322 aditique
951 3251 1007 3303 libri
1029 3257 1092 3302 vett.
1112 3265 1133 3300 c.

123 3347 211 3402 Manat.
230 3347 327 3402 blorell.
345 3346 439 3400 Pumel.
458 3355 485 3398 et
503 3347 594 3416 Rigalt.
630 3345 692 3398 Tum
710 3348 804 3400 delicto
822 3358 868 3412 pro
888 3345 969 3396 edicto
986 3336 1133 3401 scribilis,

123 3451 227 3507 moxque
251 3438 363 3491 obedivit
380 3437 412 3486 Α.
452 3435 480 3495 1)
502 3437 592 3488 Vident
614 3436 658 3487 oei
679 3436 771 3486 decore
795 3429 825 3482 Α.
861 3427 932 3479 Prius
955 3429 998 3481 eei
1019 3440 1068 3477 om.
1087 3422 1133 3475 lib.

123 3523 184 3577 Dein
207 3532 272 3596 aput
294 3523 413 3578 besaines
437 3524 633 3592 praedicaverit
659 3519 759 3572 exhibet
783 3517 821 3583 Α,
848 3518 977 3571 bominem
1000 3513 1048 3565 lld.
1085 3511 1133 3563 Pro

124 3615 228 3668 admisit
244 3611 285 3664 W.
304 3609 361 3662 llad
379 3616 406 3660 et
429 3607 466 3661 Ba
490 3608 550 3660 dent
573 3611 671 3661 amisit.
715 3605 835 3658 Ceterum
859 3603 900 3655 lla
923 3602 1054 3670 distinguit
1076 3605 1135 3667 poet

125 3702 211 3768 man,
234 3701 304 3752 cuius
321 3698 380 3750 loco
399 3699 425 3749 in
441 3696 501 3749 Ver.
518 3695 612 3764 legitur
632 3698 773 3748 domitiam.
811 3691 869 3744 llos
887 3694 1082 3762 subterfupere‚
1106 3694 1134 3738 ut

127 3786 180 3840 edd.
198 3796 258 3840 ante
276 3785 379 3851 balan,
402 3784 483 3836 babet
508 3785 583 3835 etiarn
602 3782 658 3835 cod.
669 3782 728 3834 ¹lld.
766 3781 816 3834 Sed
835 3778 942 3848 simplex
958 3778 1065 3829 verbum
1083 3779 1133 3843 fa-

126 3891 183 3941 qere
202 3877 308 3945 egregie
327 3882 428 3926 tuentur
447 3872 505 3925 libri
524 3873 584 3925 Ver.
602 3872 699 3924 benev.
718 3871 798 3938 Neap.
816 3877 843 3920 et
860 3867 914 3920 rell.
933 3867 1013 3919 nostri
1037 3878 1134 3925 ornnes,

126 3976 238 4015 necnon
254 3963 386 4015 sexdecim
405 3961 541 4015 Balaniani.
576 3959 677 4013 Deinde
693 3961 808 4031 potuerit
824 3955 911 4010 scribit
928 3953 982 4021 lib,
1000 3955 1087 4024 potuit
1102 3951 1133 4002 Α.

128 4046 155 4115 5)
171 4047 260 4103 Pealrn.
279 4048 339 4117 138,
359 4050 400 4104 16.
