2872 4806
612 509 669 565 xm

133 695 159 740 a.
188 673 325 756 sequitur
359 671 485 755 epistola
517 655 581 737 tcia
614 672 653 738 de
683 691 759 756 pace
788 679 818 736 et
846 673 996 756 paciencia
1019 673 1151 738 virorum

131 804 305 864 sanctorum
336 795 375 882 [i.
399 815 425 861 e.
449 797 524 861 liber
547 794 726 882 delapsis).
771 797 833 862 fol.
861 795 918 878 17,
947 817 972 862 a.
995 795 1062 861 inlr.
1084 804 1152 880 post

130 923 239 987 verba:
262 920 327 984 Nec
349 921 402 984 ln'o
420 940 487 986 erac
502 921 572 984 sine
585 939 688 1002 poeno
699 931 842 1004 possunt,
866 922 1008 1003 quamvis
1022 921 1152 986 necdum

129 1064 253 1128 poenae
283 1045 353 1107 dies
380 1046 502 1108 venerit
531 1041 578 1128 (p.
602 1039 653 1109 95.
678 1041 785 1108 1-2.
810 1045 879 1110 edit.
902 1042 1042 1130 nostrae)
1076 1063 1151 1128 per-

135 1187 236 1251 peram
257 1168 365 1232 illatum
388 1173 436 1232 est
457 1168 517 1232 hoc
538 1168 660 1232 lemma:
685 1168 829 1251 Epistola
852 1177 965 1250 parcrtc
982 1170 1021 1232 dc
1035 1171 1152 1234 onitate

131 1293 207 1374 fidei
229 1301 258 1354 et
280 1293 348 1354 eius
369 1283 614 1370 consessoribus.
658 1292 720 1355 Fol.
744 1289 803 1372 21,
826 1291 948 1374 a-29,
977 1312 1002 1356 a.
1026 1292 1152 1358 hebetur

132 1415 198 1478 sine
220 1414 279 1478 nlla
304 1413 497 1496 inscriptione
520 1413 597 1477 liber
619 1413 657 1476 de
680 1414 843 1478 catholicae
866 1415 1014 1480 ecclesiae
1029 1417 1151 1496 unitate,

131 1537 183 1602 fol.
210 1534 260 1602 29.
281 1535 396 1618 0-34,
418 1539 446 1600 b.
471 1537 509 1600 de
532 1537 668 1602 oratione
691 1537 838 1603 dominica
860 1539 931 1602 item
953 1539 1019 1603 sine
1042 1539 1151 1604 inscri-

130 1657 566 1744 011000,101.34,1)-42,
597 1661 780 1739 aepistola
806 1670 899 1724 secto
929 1662 968 1724 dc
994 1660 1151 1742 boneficiis
1281 1683 1284 1688 ’

134 1784 250 1848 diuinis
273 1782 312 1868 (i.
335 1803 361 1846 e.
385 1782 423 1846 de
446 1803 540 1868 opere
554 1790 594 1880 'et
617 1783 856 1870 eleemosynis),
884 1784 933 1880 101.
958 1781 1023 1866 42,
1047 1783 1151 1849 0-48

132 1909 160 1971 h.
189 1908 228 1971 de
258 1907 435 1971 mortalitate
465 1908 531 1971 sine
559 1909 712 1990 lemmate,
741 1907 875 1990 10148,
906 1908 1031 1989 u-56,
1065 1930 1090 1972 a.
1113 1909 1150 1972 ad

132 2029 353 2094 Demetrianum
375 2031 441 2094 sine
464 2031 565 2111 tilulo,
598 2031 647 2096 fol.
671 2030 732 2110 56,
755 2029 877 2113 Ι0--62,
900 2036 927 2097 b.
952 2033 990 2097 de
1011 2033 1151 2115 patientia

133 2159 165 2216 et
186 2153 236 2217 fol.
260 2151 319 2232 63,
343 2151 478 2232 0-68,
501 2171 526 2215 a.
550 2151 588 2216 dc
617 2153 684 2218 zelo
714 2161 745 2216 et
773 2155 887 2235 livore,
918 2163 1046 2238 uterque
1076 2157 1151 2220 liber

87 2269 90 2276 ’
131 2277 199 2340 sine
213 2277 417 2359 inscriptione.
454 2277 613 2342 Praetereo
636 2277 666 2340 in
688 2277 748 2340 hoc
770 2278 921 2342 volumine
943 2279 1042 2342 insunt
1065 2297 1149 2342 com-

129 2400 235 2482 plures
257 2401 359 2464 Nostri
381 2401 526 2483 epistolae
549 2421 607 2466 una
629 2420 696 2464 cum
719 2403 872 2484 opusculis
894 2402 1104 2485 suppositiciis.

151 2507 153 2512 ’
222 2525 362 2589 Ceterum
385 2525 465 2606 quod
487 2526 589 2590 attinet
610 2525 647 2589 ad
671 2526 778 2590 librum
809 2525 847 2589 de
876 2526 976 2591 habitu
1004 2525 1153 2609 virginum

129 2655 253 2733 praeter
281 2649 403 2713 codices
431 2650 567 2714 laudatos
598 2657 727 2732 excepto
758 2649 818 2728 Bb,
848 2651 878 2712 in
908 2669 968 2731 quo
1000 2648 1085 2712 deest
1107 2647 1155 2712 hic

128 2792 245 2855 sermo,
269 2791 341 2838 usus
363 2791 429 2836 sum
451 2774 652 2854 manuscripto
675 2772 909 2837 Emmeramcnsi
927 2772 1039 2836 E.le
1062 2769 1154 2856 (Cim.

132 2893 283 2980 14431),
305 2899 542 2977 membranaceo,
566 2896 651 2960 form.
675 2896 821 2978 quadrat,
843 2915 922 2960 saec.
945 2895 1013 2977 1Χ.,
1042 2898 1072 2960 in
1095 2913 1155 2976 quo

127 3019 283 3102 reperitur
305 3020 503 3105 fragmentum
525 3020 603 3084 haud
626 3020 876 3086 contemnendum
898 3020 976 3084 illius
1009 3017 1155 3101 opusculi,

128 3141 216 3225 quod
247 3142 359 3224 1012,
389 3163 414 3206 a.
437 3145 456 3208 1.
482 3142 510 3207 7.
538 3145 577 3208 ila
606 3145 723 3226 incipit:
756 3144 878 3224 lapillis
907 3153 937 3208 et
965 3142 1155 3224 margaritus

127 3263 217 3351 (sic)
241 3275 390 3331 contecto
415 3268 499 3331 reric
528 3263 576 3351 (p.
603 3264 715 3332 146.1.
740 3266 789 3352 2.)
821 3274 851 3332 et
873 3269 973 3332 omnia
995 3283 1092 3347 usque
1117 3263 1155 3328 ad

91 3401 93 3409 ⁴
128 3389 223 3454 linem
252 3392 466 3474 complectitur.
517 3393 582 3456 lloc
611 3393 809 3476 fragmentum
838 3393 868 3458 in
896 3389 1154 3457 observationibus

127 3514 236 3578 notan
258 3515 344 3600 siglis
366 3517 423 3580 Fr.
446 3517 554 3582 limm.
582 3514 608 3580 1.
647 3515 754 3582 Exstat
775 3517 806 3580 in
828 3515 935 3580 eodem
957 3512 1061 3578 codice
1084 3509 1155 3596 (fol.

127 3633 280 3719 24-27,
302 3637 351 3723 b.)
374 3639 499 3703 alterum
522 3637 656 3702 eiusdem
679 3637 792 3702 saeculi
814 3636 1030 3720 fragmentum,
1056 3631 1155 3718 signi·

125 3761 253 3826 ficetum
274 3781 292 3826 a
313 3781 361 3825 me
383 3763 439 3826 Fr.
461 3761 523 3826 Em
535 3781 572 3824 m.
589 3757 631 3841 2.,
653 3759 735 3842 quod
756 3759 941 3824 inscribitur:
968 3753 1156 3820 BllEUll'ER

126 3867 342 3949 uxcnnrrn
364 3884 418 3949 ax
447 3867 595 3951 unsri*
611 3881 732 3949 cucur
766 3880 929 3946 cirmini
962 3881 1014 3944 oa
1048 3878 1154 3944 unar-

127 4005 241 4106 {l'A'l'U
271 4002 344 4092 (ΤΑ
373 4009 411 4072 ab
433 4027 458 4072 r.
482 4027 520 4072 m.
543 4007 653 4072 lineola
683 4006 836 4072 subducta
849 4003 971 4091 deleto)
992 3981 1154 4070 1111161111.

7 4160 9 4207 5
224 4127 274 4196 Aa
303 4129 379 4196 haec
408 4129 541 4196 subsidia
571 4129 673 4198 critica
705 4129 835 4196 accessit
864 4128 984 4196 collatio
1017 4125 1155 4192 codicum
