2872 4806
625 481 670 536 XV

137 663 197 708 non
219 643 351 728 negotia,
374 663 436 708 non
458 661 608 728 personae
635 641 737 706 sedem
767 659 849 706 suam
881 659 1049 726 agnoscere
1078 660 1154 726 pos-

135 767 234 832 sunt.“
273 766 357 831 Conl.
386 766 519 832 eiusdem
542 765 710 830 bibliothec.
733 783 810 830 sacr.
833 773 864 830 et
886 765 1004 849 profan.
1027 767 1110 830 'loun
1133 767 1154 828 Ι.

135 911 164 973 p.
185 889 255 955 178.
278 891 335 956 ool.
351 887 380 954 2.
404 898 433 956 et
453 891 534 955 Ald.
558 891 696 954 lllanul.
720 889 914 974 orthograph.
938 911 965 952 v.
991 888 1154 952 Culcita.

135 1014 181 1080 lle
211 1014 296 1094 latis,
326 1033 405 1095 quae
437 1020 561 1096 postero
593 1020 729 1094 tempore
751 1012 879 1076 habebat
901 1013 949 1078 ille
973 1013 1067 1092 liber,
1098 1014 1155 1076 vid.

138 1139 314 1202 Blumius
340 1139 369 1200 in
393 1138 455 1201 ltin.
478 1139 537 1201 ltal.
561 1138 645 1202 Tom.
670 1137 689 1199 l.
713 1156 741 1218 p.
765 1133 828 1201 257
851 1155 896 1218 sq.

224 1261 368 1326 Sermone
399 1261 436 1324 de
469 1261 632 1325 catholicae
662 1262 809 1324 ecclesiae
839 1262 952 1326 unitate
981 1263 1059 1344 typis
1091 1261 1156 1326 lere

137 1387 288 1468 descripto
312 1392 453 1468 exoptato
476 1387 546 1450 milri
570 1387 652 1450 venit
676 1386 766 1450 lectio
789 1387 908 1450 varians
931 1408 949 1450 e
971 1384 1076 1448 codice
1096 1384 1156 1449 Se-

136 1510 294 1594 guieriano
320 1505 390 1572 185.
415 1505 514 1592 (nunc
538 1511 568 1570 in
592 1508 693 1590 Suppl.
713 1510 774 1572 Lat.
793 1506 885 1592 712.)
908 1511 944 1572 ab
968 1509 1156 1572 Eduardo

137 1631 348 1696 Wotttlino
381 1631 564 1711 Basileensi,
597 1633 706 1696 iuvene
737 1632 937 1696 eruditissimo
968 1633 1156 1714 optimaeque
1242 1675 1244 1682 ν

135 1755 213 1838 spei,
236 1755 413 1836 peritissime
436 1761 465 1816 et
488 1756 711 1820 accuratissime
734 1758 764 1820 in
779 1777 873 1821 meam
888 1757 1013 1840 gratiam
1028 1761 1155 1820 enotata.

225 1878 253 1941 ls
282 1878 358 1940 liber
387 1878 495 1940 unciali
525 1878 697 1942 charactere
721 1879 865 1960 quadrato
890 1885 920 1941 el
941 1880 1071 1944 rotundo
1094 1879 1153 1942 de-

137 2003 266 2084 scriptus
296 2008 384 2066 sexto
415 2002 462 2064 vel
489 2003 615 2084 septimo
638 2004 761 2067 saeculo
785 2004 861 2066 inter
884 2003 1103 2085 antiquissimos
1127 2011 1157 2066 et

137 2126 406 2208 praestantissimos
444 2126 660 2207 computandus
699 2135 745 2190 est
782 2133 925 2190 censente
964 2126 1156 2190 llontlau-

135 2249 255 2312 conio
287 2249 424 2313 Bibliotn.
455 2248 594 2330 coislin,
625 2250 694 2313 olim
726 2249 853 2332 Seguer.
880 2245 1156 2330 sonipede.

134 2387 218 2452 seqq.
256 2370 340 2436 Conl.
358 2390 497 2435 nouveau
513 2371 600 2434 truite
623 2371 661 2434 de
677 2371 888 2454 diplomatique
904 2371 988 2435 l'om.
1003 2370 1051 2434 ΙΙΙ.
1067 2390 1096 2452 p.
1112 2369 1153 2436 55

136 2502 167 2560 et
199 2491 270 2560 145.
323 2494 494 2578 scripturae
525 2494 677 2578 specimen
705 2496 817 2578 primus
845 2494 927 2559 dedit
955 2491 1155 2558 llontlau-

135 2618 278 2682 conius
301 2617 319 2680 l.
336 2638 361 2681 c.
378 2638 406 2700 p.
422 2617 506 2700 242,
529 2617 584 2684 sed
599 2619 691 2682 multo
714 2619 878 2684 accuratius
901 2625 948 2682 est
969 2615 1050 2697 illud,
1073 2616 1155 2698 quod

135 2741 279 2806 exhibent
310 2741 495 2806 Benedictini
528 2742 566 2804 ad
599 2761 628 2823 p.
660 2738 747 2822 145.,
783 2741 823 2804 ΡΙ.
854 2740 939 2804 XLll.
970 2740 1022 2804 ΙΙΙο
1047 2739 1157 2823 espece

134 2870 168 2929 et
202 2864 358 2929 Natalis
399 2864 445 2928 dc
477 2863 628 2947 Wailly
666 2864 817 2928 Elements
858 2863 897 2927 de
928 2863 1155 2948 Paldographie.

135 2989 221 3053 Turn.
244 2988 277 3052 ll.
298 2988 340 3051 Pl.
363 2987 397 3051 ΙΙ.
420 3007 465 3051 nr.
488 2985 518 3049 2.

199 3079 203 3086 ἱ
224 3110 271 3175 lix
292 3111 444 3191 hislibris
467 3129 555 3174 manu
579 3110 709 3176 exaratis
726 3110 908 3175 Veronensis
928 3111 1158 3194 antiquissimus,

136 3233 369 3320 Seguierianos,
402 3234 677 3318 Wtirzeburgensis
701 3241 745 3330 xet
787 3235 834 3299 lla
872 3235 938 3298 sive
974 3233 1157 3300 Benedictu-

135 3360 271 3424 burauus
293 3365 326 3422 ut
347 3364 460 3440 aetate,
483 3359 522 3422 itu
545 3360 718 3425 sinceritate
740 3359 976 3442 optimorumque
998 3359 1158 3422 lectionum

135 3483 226 3564 copia
247 3481 357 3548 ceteris
380 3482 517 3546 omnibus
538 3483 631 3567 longe
652 3489 824 3566 praestant3
853 3483 961 3566 reliqui
982 3499 1075 3562 vero,
1103 3489 1157 3546 ut·-

136 3611 211 3690 pote
233 3606 419 3671 recentiores
442 3613 472 3670 et
493 3608 589 3692 magis
616 3609 754 3673 minusve
780 3608 913 3690 corrupti
941 3612 1030 3689 atque
1059 3607 1157 3670 inter-

136 3729 231 3812 polati
249 3729 281 3794 in
309 3747 464 3795 numerum
494 3731 676 3798 deteriorum
704 3730 909 3798 adscribantur
938 3747 1066 3796 necesse
1094 3735 1156 3809 est;

138 3852 272 3922 omnium
304 3860 404 3918 autem
436 3854 715 3937 interpolatissimus
748 3874 785 3921 ac
817 3853 1077 3940 depravatissimus
1110 3860 1157 3918 est

138 3977 355 4062 Augustanus,
385 3979 442 4044 etsi
471 3980 578 4065 negari
601 3981 722 4046 omnino
744 3998 805 4045 non
826 3985 927 4065 potest
948 3980 1036 4046 etiam
1057 3978 1088 4042 in
1109 3975 1156 4041 his

137 4101 361 4186 exemplaribus
383 4103 624 4170 autumnoue
645 4103 742 4189 fragis
763 4103 873 4174 inesse·
904 4172 906 4180 ,
