2872 4806
573 431 617 498 49

103 596 198 674 percat
239 596 269 653 et
316 589 529 653 consentientis
574 589 677 672 populi
716 607 828 672 corpus
869 608 959 656 unum
993 592 1109 676 pneuma

104 723 153 768 suo
191 703 324 788 gaudens
362 710 456 767 mater
490 702 629 767 includat.
668 707 671 714 '
701 704 733 770 Si
772 712 871 768 tamen
913 705 1059 788 quosdam
1081 703 1109 785 ²)

104 819 279 884 schismatum
310 819 403 884 duces
437 827 467 882 et
496 820 694 884 dissensionis
725 827 872 883 auctores'
896 821 927 884 in
957 839 1047 885 caeca
1082 825 1111 884 et

103 933 237 998 obstinata
265 935 413 1000 dementia
445 940 657 1016 permanentes
688 953 749 998 non
778 933 913 1016 potuerit
941 935 979 998 ad
1000 936 1112 1016 lsalutis

82 1049 170 1114 oviam
199 1049 355 1112 con'silium
389 1048 511 1112 salubre
544 1064 709 1124 revocare3
743 1049 837 1110 ceteri
871 1055 984 1129 tamen,
1019 1050 1067 1112 vel
1084 1046 1113 1128 8)

101 1161 274 1242 simplicitate
297 1163 392 1244 capti,
421 1161 471 1224 vel
494 1179 601 1224 errore
624 1161 751 1241 inducti,
783 1161 832 1223 vel
860 1161 959 1242 aliqua
982 1161 1112 1226 fallentis

102 1277 217 1338 astutiae
238 1274 396 1338 calliditate
419 1273 553 1356 decepti,
577 1293 593 1336 a
616 1273 750 1338 fallaciae
774 1290 831 1338 vos
854 1275 971 1356 laqueis
994 1275 1113 1355 solvite,

102 1395 234 1472 vagantes
257 1405 383 1474 gressus
395 1385 423 1465 ⁴)
446 1390 482 1452 ab
499 1389 654 1452 erroribus
677 1389 812 1468 liberate,
836 1390 893 1451 iter
907 1395 1023 1452 rectum
1045 1391 1113 1454 viae

102 1503 227 1568 caelestis
243 1504 430 1588 adgnoscite.
463 1501 664 1566 Contestantis
680 1501 809 1584 apostoli
822 1519 885 1565 vox
902 1500 1000 1582 est⁵):
1016 1505 1113 1567 Prae-

73 1638 93 1681 so
103 1617 223 1696 cipimus
244 1618 349 1695 vobis,
373 1617 465 1698 inquit
484 1613 528 1694 ⁶),
559 1618 592 1678 in
615 1617 737 1678 nomiae
759 1615 877 1678 domini
899 1617 971 1680 lesa
997 1617 1141 1682 ctrtsst.
1206 1678 1208 1682 .

101 1739 131 1792 at
155 1733 309 1796 recedatis
339 1731 379 1794 ab
409 1731 551 1793 omnibus
580 1729 735 1810 fratribus
764 1729 994 1794 ambulantibus
1023 1732 1113 1796 inor·
1206 1763 1208 1768 .

102 1844 200 1908 dicate
222 1855 340 1910 etstan
361 1848 530 1924 campodono
560 1847 774 1924 traditionem,
807 1865 900 1928 qaam
930 1855 1117 1925 acceperant

102 1959 229 2023 anobis.
270 1960 307 2023 Et
329 1962 438 2023 iterum
462 1953 588 2038 dicit⁷):
611 1959 708 2022 Nemo
731 1978 787 2021 eos
811 1959 950 2037 decipiat
970 1959 1116 2023 inanibus

101 2072 204 2136 nerbas
250 2075 422 2155 Propterea
443 2073 523 2136 enim
544 2074 631 2136 canit
652 2073 703 2134 iro
727 2073 778 2135 dei
805 2091 902 2152 saper
928 2073 1011 2154 filios
1039 2091 1115 2136 con·

75 2185 254 2248 satomociae.
293 2185 395 2248 Nolite
418 2205 492 2266 erpo
516 2203 582 2248 csse
600 2186 774 2266 participes
798 2203 909 2248 eornm.
955 2186 1117 2250 Receden-

104 2296 164 2361 dum
194 2305 240 2362 est
271 2317 289 2361 a
317 2296 557 2378 delinquentibus
573 2291 618 2376 8),
649 2295 698 2358 vel
729 2297 817 2359 immo
846 2295 1036 2382 fugiendum,
1067 2319 1117 2380 ne,

104 2531 136 2598 (in
152 2535 213 2598 ras.)
233 2517 295 2598 blb;
325 2537 403 2604 pand.
422 2535 520 2604 messio
542 2549 594 2587 suo
613 2529 659 2585 Bb.
697 2530 777 2584 Deest
794 2535 914 2602 paadens
931 2535 958 2585 in
977 2535 1036 2587 add.
1054 2542 1118 2588 vctt.

105 2615 159 2670 Tum
176 2625 293 2676 includit
309 2637 348 2690 pr.
366 2621 413 2672 luit
433 2623 458 2672 in
478 2620 525 2672 blo.
562 2620 591 2685 2)
611 2623 740 2689 quosdam
758 2635 807 2672 ar.
823 2636 856 2672 m.
869 2621 895 2672 iu
914 2637 963 2690 mg.
982 2620 1059 2673 babet
1071 2620 1119 2674 blc.

103 2703 154 2756 llos
172 2711 374 2763 dissensionum
399 2709 488 2760 scribit
510 2705 557 2760 Bb.
594 2706 660 2760 Dein
685 2717 710 2762 ct
732 2709 758 2759 in
782 2707 822 2762 ed.
842 2707 963 2761 Deventr.
982 2710 1121 2764 intercidit.

103 2789 128 2843 lu
149 2809 220 2865 seqq.
240 2799 356 2850 ennodio
373 2800 481 2851 solatri
499 2797 538 2864 (in
557 2797 621 2863 ras.)
640 2794 681 2846 ttb
700 2803 727 2846 et
744 2812 782 2863 pr.
801 2795 850 2848 blo.
890 2795 919 2864 3)
939 2799 1060 2851 Ceteram
1080 2800 1123 2851 ost

103 2880 130 2931 A.
163 2882 193 2951 d)
210 2899 339 2954 pressans
357 2881 403 2934 Bb.
436 2882 494 2934 blox
513 2885 665 2952 adpnoscite
683 2897 729 2948 pro
748 2881 817 2950 vulg.
837 2881 1017 2952 opnosciteW
1035 2881 1121 2935 etbla.

105 2965 137 3019 di.
149 2969 179 3020 ad
190 2969 253 3038 Cep.
264 2968 326 3021 Vlll.
336 2984 361 3020 u.
372 2968 395 3020 5.
424 2969 603 3038 5)estom.ti.
631 2968 687 3020 Vld.
698 2968 722 3020 2.
734 2967 820 3020 Thess.
829 2968 855 3034 3,
866 2969 891 3022 6.
919 2969 1124 3040 blinpasitabest

105 3056 187 3108 atter
199 3057 250 3122 tta,
271 3059 363 3125 inquit,
381 3060 456 3110 vobis
472 3057 563 3108 invers.
573 3056 628 3108 ord.
639 3055 734 3107 babent
743 3055 784 3107 lllb
794 3065 820 3108 et
829 3055 860 3108 Α.
891 3056 957 3109 Dein
967 3056 1034 3109 ltlbd.
1043 3055 1124 3108 But

28 3131 29 3134 ¹
106 3150 128 3192 ct
140 3144 196 3197 cdd.
210 3145 306 3196 Manat.
320 3151 396 3211 atque
408 3145 564 3211 posteriores
582 3143 695 3196 scribunt
712 3147 811 3198 damini
825 3149 921 3199 nostri.
950 3145 1001 3198 Sed
1011 3145 1050 3196 W.
1060 3145 1123 3198 blac.

105 3227 137 3280 lla
150 3240 175 3282 et
186 3241 239 3284 tres
251 3230 333 3297 Neap.
345 3246 367 3282 c.
380 3229 438 3282 edd.
451 3230 633 3282 vetustioribus
646 3234 806 3296 austriam,
819 3233 930 3301 itemque
943 3234 968 3284 in
979 3231 1061 3300 Epist.
1073 3231 1122 3300 LV.

105 3317 173 3381 p.89.
182 3319 224 3370 llld
234 3327 261 3370 et
271 3317 330 3370 cdd.
339 3317 431 3370 Manui.
442 3327 598 3386 ceteraeque
608 3320 766 3370 recentiores
776 3327 884 3387 excepta
894 3318 1002 3385 blaseii,
1013 3334 1088 3388 quaa,
1097 3327 1124 3370 ut

104 3402 237 3478 librinante
253 3406 347 3464 Manut.
365 3407 433 3472 typis
452 3407 572 3472 asscripti
591 3413 617 3456 et
635 3405 712 3458 codd.
726 3405 767 3459 tto
787 3421 817 3458 ac
829 3404 875 3472 tta,
893 3408 982 3462 nostri
999 3407 1123 3474 agnoscit.

106 3487 159 3542 Pari
173 3493 251 3545 modo
269 3494 294 3544 in
314 3492 410 3545 Graeco
430 3499 501 3544 textu
519 3492 591 3545 buius
611 3493 662 3545 loci
681 3493 779 3545 Paulini
796 3509 937 3562 pronomen
955 3490 1035 3558 ἡμῶν,
1056 3495 1125 3564 quod

106 3578 260 3633 secluserunt
278 3581 391 3632 editores
402 3578 592 3647 Berolinensas‚
613 3580 815 3634 Tischandorfius
834 3581 1000 3634 omittendum
1018 3584 1124 3636 censuit.

107 3661 165 3716 'lum
187 3670 267 3723 ibesas
290 3666 368 3720 babet
392 3666 431 3719 ed.
456 3667 578 3721 Daventr.
614 3668 673 3721 lllox
697 3685 754 3722 voc.
779 3673 912 3736 fratribus
937 3670 1010 3723 deest
1034 3673 1060 3722 iu
1083 3669 1124 3723 W.

106 3749 144 3803 llla
163 3763 189 3806 et
201 3754 249 3820 Ba,
267 3757 378 3825 itemque
396 3765 421 3811 ct
440 3757 465 3807 iu
480 3756 529 3810 ttb.
566 3757 594 3823 t)
614 3756 711 3826 Ephes.
730 3757 756 3823 5,
775 3757 799 3807 6.
835 3755 865 3825 8)
884 3776 900 3810 a
917 3761 1126 3827 relinquentibus

107 3837 183 3909 Ncap.
227 3843 300 3906 Quod
324 3846 438 3913 sequitur
452 3849 502 3914 =ccl
525 3861 625 3897 erasum
652 3855 692 3898 est
714 3848 740 3897 iu
765 3844 816 3897 blb.
857 3843 927 3898 Idem
951 3861 989 3912 pr.
1016 3843 1127 3896 babebat

108 3931 298 3998 refrsps‘sndasn.
333 3931 400 3983 Dein
422 3932 528 3984 voculas
547 3951 596 3999 nc,
623 3938 685 3990 duan
711 3933 806 3986 ibidem
831 3949 851 3986 r.
870 3949 903 3986 m.
921 3949 996 4002 supra
1014 3933 1056 3984 lin.
1076 3933 1125 3984 ad·

110 4013 180 4083 didit,
197 4035 258 4088 nse,
278 4023 341 4076 doct
359 4022 404 4091 poi
420 4021 510 4074 scribit
526 4021 558 4074 Α.
587 4020 645 4074 ldox
662 4029 728 4090 part.
747 4032 771 4076 at
788 4021 866 4074 inille
883 4037 906 4074 r.
919 4037 957 4073 m.
976 4022 1041 4074 inter
1058 4037 1126 4074 vers.
1181 4091 1183 4096 Ι

897 4117 920 4184 4
