<?xml version="1.0" encoding="UTF-8"?>
<!DOCTYPE html PUBLIC "-//W3C//DTD XHTML 1.0 Transitional//EN"
    "http://www.w3.org/TR/xhtml1/DTD/xhtml1-transitional.dtd">
<html xmlns="http://www.w3.org/1999/xhtml" xml:lang="en" lang="en">
 <head>
  <title>
</title>
<meta http-equiv="Content-Type" content="text/html;charset=utf-8" />
  <meta name='ocr-system' content='tesseract 3.04.00' />
  <meta name='ocr-capabilities' content='ocr_page ocr_carea ocr_par ocr_line ocrx_word'/>
</head>
<body>
  <div class='ocr_page' id='page_1' title='image "./scaecilicyprian00krabgoog_0090.png"; bbox 0 0 2872 4806; ppageno 0'>
   <div class='ocr_carea' id='block_1_1' title="bbox 584 459 805 546">
    <p class='ocr_par' dir='ltr' id='par_1_1' title="bbox 584 459 805 546">
     <span class='ocr_line' id='line_1_1' title="bbox 584 459 805 546; baseline -0.005 0"><span class='ocrx_word' id='word_1_1' title='bbox 584 459 805 546; x_wconf 73' lang='lat' dir='ltr'>as&#39;</span> 
     </span>
    </p>
   </div>
   <div class='ocr_carea' id='block_1_2' title="bbox 579 721 636 790">
    <p class='ocr_par' dir='ltr' id='par_1_2' title="bbox 579 721 636 790">
     <span class='ocr_line' id='line_1_2' title="bbox 579 721 636 790; baseline 0.018 -2"><span class='ocrx_word' id='word_1_2' title='bbox 579 721 636 790; x_wconf 88' lang='lat' dir='ltr'>vt.</span> 
     </span>
    </p>
   </div>
   <div class='ocr_carea' id='block_1_3' title="bbox 22 863 1117 2087">
    <p class='ocr_par' dir='ltr' id='par_1_3' title="bbox 22 863 1117 2087">
     <span class='ocr_line' id='line_1_3' title="bbox 183 863 1116 946; baseline 0.003 -19"><span class='ocrx_word' id='word_1_3' title='bbox 183 864 367 929; x_wconf 84' lang='lat' dir='ltr'>Exciderunt</span> <span class='ocrx_word' id='word_1_4' title='bbox 396 863 590 946; x_wconf 85' lang='lat' dir='ltr'>quibusdam,</span> <span class='ocrx_word' id='word_1_5' title='bbox 623 883 680 946; x_wconf 93' lang='lat' dir='ltr'>pro</span> <span class='ocrx_word' id='word_1_6' title='bbox 710 866 796 930; x_wconf 83' lang='lat' dir='ltr'>nelos</span> <span class='ocrx_word' id='word_1_7' title='bbox 815 864 854 943; x_wconf 83' lang='grc' dir='ltr'>Ι)ι</span> <span class='ocrx_word' id='word_1_8' title='bbox 890 866 986 930; x_wconf 91' lang='lat' dir='ltr'>omnia</span> <span class='ocrx_word' id='word_1_9' title='bbox 1020 871 1050 928; x_wconf 90' lang='lat' dir='ltr'>et</span> <span class='ocrx_word' id='word_1_10' title='bbox 1078 865 1116 930; x_wconf 88' lang='lat' dir='ltr'>de</span> 
     </span>
     <span class='ocr_line' id='line_1_4' title="bbox 102 978 1117 1062; baseline 0.002 -21"><span class='ocrx_word' id='word_1_11' title='bbox 102 981 238 1044; x_wconf 90' lang='lat' dir='ltr'>memoria</span> <span class='ocrx_word' id='word_1_12' title='bbox 260 986 462 1044; x_wconf 91' lang='lat' dir='ltr'>recesserunt.</span> <span class='ocrx_word' id='word_1_13' title='bbox 506 979 574 1043; x_wconf 90' lang='lat' dir='ltr'>Non</span> <span class='ocrx_word' id='word_1_14' title='bbox 608 989 860 1062; x_wconf 83' lang='lat' dir='ltr'>exspectaverunt</span> <span class='ocrx_word' id='word_1_15' title='bbox 889 978 1053 1060; x_wconf 76' lang='lat' dir='ltr'>seltem²)‚</span> <span class='ocrx_word' id='word_1_16' title='bbox 1085 987 1117 1044; x_wconf 91' lang='lat' dir='ltr'>ut</span> 
     </span>
     <span class='ocr_line' id='line_1_5' title="bbox 102 1093 1117 1180; baseline 0.003 -24"><span class='ocrx_word' id='word_1_17' title='bbox 102 1093 296 1157; x_wconf 80' lang='lat' dir='ltr'>ascenderent</span> <span class='ocrx_word' id='word_1_18' title='bbox 326 1093 524 1176; x_wconf 80' lang='lat' dir='ltr'>adprehensi,</span> <span class='ocrx_word' id='word_1_19' title='bbox 556 1100 588 1157; x_wconf 93' lang='lat' dir='ltr'>ut</span> <span class='ocrx_word' id='word_1_20' title='bbox 616 1095 798 1179; x_wconf 83' lang='lat' dir='ltr'>interrogari</span> <span class='ocrx_word' id='word_1_21' title='bbox 828 1103 984 1180; x_wconf 79' lang='lat' dir='ltr'>negarent.</span> <span class='ocrx_word' id='word_1_22' title='bbox 1037 1095 1117 1160; x_wconf 87' lang='lat' dir='ltr'>Ante</span> 
     </span>
     <span class='ocr_line' id='line_1_6' title="bbox 101 1203 1116 1292; baseline 0.001 -22"><span class='ocrx_word' id='word_1_23' title='bbox 101 1209 189 1272; x_wconf 91' lang='lat' dir='ltr'>aciem</span> <span class='ocrx_word' id='word_1_24' title='bbox 211 1208 293 1271; x_wconf 92' lang='lat' dir='ltr'>multi</span> <span class='ocrx_word' id='word_1_25' title='bbox 313 1208 400 1286; x_wconf 82' lang='lat' dir='ltr'>uicti,</span> <span class='ocrx_word' id='word_1_26' title='bbox 413 1209 490 1276; x_wconf 70' lang='lat' dir='ltr'>„sine</span> <span class='ocrx_word' id='word_1_27' title='bbox 503 1203 531 1286; x_wconf 72' lang='grc'>3)</span> <span class='ocrx_word' id='word_1_28' title='bbox 555 1209 775 1292; x_wconf 83' lang='lat' dir='ltr'>congressione</span> <span class='ocrx_word' id='word_1_29' title='bbox 797 1211 954 1292; x_wconf 72' lang='lat' dir='ltr'>prostrati,</span> <span class='ocrx_word' id='word_1_30' title='bbox 978 1227 1035 1272; x_wconf 90' lang='lat' dir='ltr'>nec</span> <span class='ocrx_word' id='word_1_31' title='bbox 1058 1209 1116 1272; x_wconf 91' lang='lat' dir='ltr'>lroc</span> 
     </span>
     <span class='ocr_line' id='line_1_7' title="bbox 79 1321 1115 1403; baseline -0.002 -17"><span class='ocrx_word' id='word_1_32' title='bbox 79 1323 151 1386; x_wconf 83' lang='lat' dir='ltr'>ssibi</span> <span class='ocrx_word' id='word_1_33' title='bbox 184 1322 386 1403; x_wconf 90' lang='lat' dir='ltr'>reliquerunt,</span> <span class='ocrx_word' id='word_1_34' title='bbox 424 1329 457 1384; x_wconf 93' lang='lat' dir='ltr'>ut</span> <span class='ocrx_word' id='word_1_35' title='bbox 489 1322 659 1386; x_wconf 84' lang='lat' dir='ltr'>sacrificare</span> <span class='ocrx_word' id='word_1_36' title='bbox 694 1321 781 1386; x_wconf 90' lang='lat' dir='ltr'>idolis</span> <span class='ocrx_word' id='word_1_37' title='bbox 815 1323 990 1386; x_wconf 83' lang='lat' dir='ltr'>siderentur</span> <span class='ocrx_word' id='word_1_38' title='bbox 1024 1323 1115 1386; x_wconf 90' lang='lat' dir='ltr'>inviti.</span> 
     </span>
     <span class='ocr_line' id='line_1_8' title="bbox 101 1435 1115 1520; baseline 0.001 -22"><span class='ocrx_word' id='word_1_39' title='bbox 101 1436 178 1499; x_wconf 90' lang='lat' dir='ltr'>Ultro</span> <span class='ocrx_word' id='word_1_40' title='bbox 209 1437 247 1499; x_wconf 88' lang='lat' dir='ltr'>ad</span> <span class='ocrx_word' id='word_1_41' title='bbox 279 1435 375 1500; x_wconf 84' lang='lat' dir='ltr'>lorum</span> <span class='ocrx_word' id='word_1_42' title='bbox 405 1453 546 1514; x_wconf 90' lang='lat' dir='ltr'>currere,</span> <span class='ocrx_word' id='word_1_43' title='bbox 581 1437 617 1500; x_wconf 89' lang='lat' dir='ltr'>ad</span> <span class='ocrx_word' id='word_1_44' title='bbox 649 1443 773 1500; x_wconf 92' lang='lat' dir='ltr'>mortem</span> <span class='ocrx_word' id='word_1_45' title='bbox 804 1444 912 1520; x_wconf 88' lang='lat' dir='ltr'>sponte</span> <span class='ocrx_word' id='word_1_46' title='bbox 940 1455 1115 1519; x_wconf 88' lang='lat' dir='ltr'>properare,</span> 
     </span>
     <span class='ocr_line' id='line_1_9' title="bbox 102 1547 1115 1630; baseline 0.001 -19"><span class='ocrx_word' id='word_1_47' title='bbox 102 1550 180 1630; x_wconf 87' lang='lat' dir='ltr'>quasi</span> <span class='ocrx_word' id='word_1_48' title='bbox 202 1549 264 1614; x_wconf 91' lang='lat' dir='ltr'>boc</span> <span class='ocrx_word' id='word_1_49' title='bbox 286 1549 354 1612; x_wconf 94' lang='lat' dir='ltr'>olim</span> <span class='ocrx_word' id='word_1_50' title='bbox 378 1555 535 1630; x_wconf 90' lang='lat' dir='ltr'>cuperent,</span> <span class='ocrx_word' id='word_1_51' title='bbox 558 1548 643 1629; x_wconf 86' lang='lat' dir='ltr'>quasi</span> <span class='ocrx_word' id='word_1_52' title='bbox 660 1547 909 1630; x_wconf 83' lang='lat' dir='ltr'>amplecterentur</span> <span class='ocrx_word' id='word_1_53' title='bbox 926 1550 1115 1612; x_wconf 88' lang='lat' dir='ltr'>occasionem</span> 
     </span>
     <span class='ocr_line' id='line_1_10' title="bbox 22 1657 1115 1745; baseline -0.002 -21"><span class='ocrx_word' id='word_1_54' title='bbox 22 1719 24 1742; x_wconf 21' lang='grc' dir='ltr'>ἱ</span> <span class='ocrx_word' id='word_1_55' title='bbox 102 1663 206 1744; x_wconf 86' lang='lat' dir='ltr'>datam,</span> <span class='ocrx_word' id='word_1_56' title='bbox 235 1682 324 1745; x_wconf 85' lang='lat' dir='ltr'>quam</span> <span class='ocrx_word' id='word_1_57' title='bbox 346 1663 473 1725; x_wconf 89' lang='lat' dir='ltr'>libenter</span> <span class='ocrx_word' id='word_1_58' title='bbox 490 1657 518 1739; x_wconf 62' lang='grc'>4)</span> <span class='ocrx_word' id='word_1_59' title='bbox 542 1667 704 1743; x_wconf 90' lang='lat' dir='ltr'>optassent.</span> <span class='ocrx_word' id='word_1_60' title='bbox 750 1662 828 1736; x_wconf 77' lang='lat' dir='ltr'>Quot</span> <span class='ocrx_word' id='word_1_61' title='bbox 846 1659 872 1740; x_wconf 82' lang='grc'>5)</span> <span class='ocrx_word' id='word_1_62' title='bbox 896 1662 992 1725; x_wconf 89' lang='lat' dir='ltr'>illice</span> <span class='ocrx_word' id='word_1_63' title='bbox 1016 1662 1115 1745; x_wconf 87' lang='lat' dir='ltr'>magi-</span> 
     </span>
     <span class='ocr_line' id='line_1_11' title="bbox 101 1771 1115 1861; baseline -0.002 -22"><span class='ocrx_word' id='word_1_64' title='bbox 101 1779 234 1842; x_wconf 90' lang='lat' dir='ltr'>stratibus</span> <span class='ocrx_word' id='word_1_65' title='bbox 258 1796 386 1861; x_wconf 87' lang='lat' dir='ltr'>vespera</span> <span class='ocrx_word' id='word_1_66' title='bbox 409 1784 539 1861; x_wconf 86' lang='lat' dir='ltr'>urgente</span> <span class='ocrx_word' id='word_1_67' title='bbox 562 1774 642 1838; x_wconf 88' lang='lat' dir='ltr'>dilati</span> <span class='ocrx_word' id='word_1_68' title='bbox 665 1782 748 1855; x_wconf 86' lang='lat' dir='ltr'>sunt,</span> <span class='ocrx_word' id='word_1_69' title='bbox 780 1784 854 1857; x_wconf 89' lang='lat' dir='ltr'>quot</span> <span class='ocrx_word' id='word_1_70' title='bbox 865 1771 910 1856; x_wconf 87' lang='lat'>⁶),</span> <span class='ocrx_word' id='word_1_71' title='bbox 941 1795 979 1838; x_wconf 92' lang='lat' dir='ltr'>ne</span> <span class='ocrx_word' id='word_1_72' title='bbox 1010 1794 1115 1838; x_wconf 91' lang='lat' dir='ltr'>eorum</span> 
     </span>
     <span class='ocr_line' id='line_1_12' title="bbox 72 1890 1116 1974; baseline 0.003 -26"><span class='ocrx_word' id='word_1_73' title='bbox 72 1907 91 1949; x_wconf 88' lang='lat' dir='ltr'>n</span> <span class='ocrx_word' id='word_1_74' title='bbox 103 1891 268 1956; x_wconf 83' lang='lat' dir='ltr'>differretur</span> <span class='ocrx_word' id='word_1_75' title='bbox 298 1893 450 1970; x_wconf 90' lang='lat' dir='ltr'>interitus,</span> <span class='ocrx_word' id='word_1_76' title='bbox 484 1897 513 1952; x_wconf 91' lang='lat' dir='ltr'>et</span> <span class='ocrx_word' id='word_1_77' title='bbox 543 1890 753 1974; x_wconf 80' lang='lat' dir='ltr'>rogaverunt?</span> <span class='ocrx_word' id='word_1_78' title='bbox 805 1891 897 1965; x_wconf 81' lang='lat' dir='ltr'>Quam</span> <span class='ocrx_word' id='word_1_79' title='bbox 930 1891 987 1952; x_wconf 89' lang='lat' dir='ltr'>vim</span> <span class='ocrx_word' id='word_1_80' title='bbox 1017 1895 1116 1972; x_wconf 92' lang='lat' dir='ltr'>potest</span> 
     </span>
     <span class='ocr_line' id='line_1_13' title="bbox 102 1999 1114 2087; baseline -0.002 -20"><span class='ocrx_word' id='word_1_81' title='bbox 102 2007 160 2068; x_wconf 87' lang='lat' dir='ltr'>talis</span> <span class='ocrx_word' id='word_1_82' title='bbox 194 1999 421 2085; x_wconf 67' lang='lat' dir='ltr'>obtenderet),</span> <span class='ocrx_word' id='word_1_83' title='bbox 453 2024 510 2086; x_wconf 89' lang='lat' dir='ltr'>qua</span> <span class='ocrx_word' id='word_1_84' title='bbox 542 2006 653 2068; x_wconf 80' lang='lat' dir='ltr'>crimen</span> <span class='ocrx_word' id='word_1_85' title='bbox 685 2023 770 2067; x_wconf 81' lang='lat' dir='ltr'>suarm</span> <span class='ocrx_word' id='word_1_86' title='bbox 801 2012 926 2087; x_wconf 88' lang='lat' dir='ltr'>purget,</span> <span class='ocrx_word' id='word_1_87' title='bbox 957 2024 1023 2066; x_wconf 93' lang='lat' dir='ltr'>cum</span> <span class='ocrx_word' id='word_1_88' title='bbox 1055 2004 1114 2066; x_wconf 87' lang='lat' dir='ltr'>vim</span> 
     </span>
    </p>
   </div>
   <div class='ocr_carea' id='block_1_4' title="bbox 103 2171 303 2181">
    <p class='ocr_par' dir='ltr' id='par_1_4' title="bbox 103 2171 303 2181">
     <span class='ocr_line' id='line_1_14' title="bbox 103 2171 303 2181; baseline -0.005 0"><span class='ocrx_word' id='word_1_89' title='bbox 103 2171 303 2181; x_wconf 45' lang='lat'>*—</span> 
     </span>
    </p>
   </div>
   <div class='ocr_carea' id='block_1_5' title="bbox 100 2243 1113 2580">
    <p class='ocr_par' dir='ltr' id='par_1_5' title="bbox 100 2243 1113 2580">
     <span class='ocr_line' id='line_1_15' title="bbox 164 2243 1112 2315; baseline -0.002 -17"><span class='ocrx_word' id='word_1_90' title='bbox 164 2248 203 2300; x_wconf 86' lang='lat' dir='ltr'>Vl.</span> <span class='ocrx_word' id='word_1_91' title='bbox 233 2248 262 2315; x_wconf 79' lang='lat'>1]</span> <span class='ocrx_word' id='word_1_92' title='bbox 286 2248 323 2300; x_wconf 89' lang='lat' dir='ltr'>lta</span> <span class='ocrx_word' id='word_1_93' title='bbox 347 2248 387 2301; x_wconf 89' lang='lat' dir='ltr'>W.</span> <span class='ocrx_word' id='word_1_94' title='bbox 416 2248 489 2300; x_wconf 86' lang='lat' dir='ltr'>llabd</span> <span class='ocrx_word' id='word_1_95' title='bbox 514 2257 539 2299; x_wconf 91' lang='lat' dir='ltr'>et</span> <span class='ocrx_word' id='word_1_96' title='bbox 564 2247 616 2298; x_wconf 88' lang='lat' dir='ltr'>Bab</span> <span class='ocrx_word' id='word_1_97' title='bbox 645 2265 667 2299; x_wconf 90' lang='lat' dir='ltr'>c.</span> <span class='ocrx_word' id='word_1_98' title='bbox 692 2248 749 2300; x_wconf 89' lang='lat' dir='ltr'>edd.</span> <span class='ocrx_word' id='word_1_99' title='bbox 777 2247 869 2299; x_wconf 88' lang='lat' dir='ltr'>lllanut.</span> <span class='ocrx_word' id='word_1_100' title='bbox 896 2246 992 2298; x_wconf 86' lang='lat' dir='ltr'>lllorell.</span> <span class='ocrx_word' id='word_1_101' title='bbox 1018 2243 1112 2298; x_wconf 87' lang='lat' dir='ltr'>Pamel.</span> 
     </span>
     <span class='ocr_line' id='line_1_16' title="bbox 100 2334 1111 2406; baseline -0.003 -21"><span class='ocrx_word' id='word_1_102' title='bbox 100 2334 182 2403; x_wconf 80' lang='lat' dir='ltr'>Rigalt.</span> <span class='ocrx_word' id='word_1_103' title='bbox 196 2334 277 2388; x_wconf 81' lang='lat' dir='ltr'>Oxou.</span> <span class='ocrx_word' id='word_1_104' title='bbox 298 2335 444 2402; x_wconf 88' lang='lat' dir='ltr'>Goldhorn.,</span> <span class='ocrx_word' id='word_1_105' title='bbox 461 2355 510 2406; x_wconf 81' lang='lat' dir='ltr'>pro</span> <span class='ocrx_word' id='word_1_106' title='bbox 533 2341 634 2406; x_wconf 80' lang='lat' dir='ltr'>neptae</span> <span class='ocrx_word' id='word_1_107' title='bbox 652 2337 673 2386; x_wconf 82' lang='grc' dir='ltr'>Α</span> <span class='ocrx_word' id='word_1_108' title='bbox 688 2345 714 2388; x_wconf 92' lang='lat' dir='ltr'>et</span> <span class='ocrx_word' id='word_1_109' title='bbox 730 2337 754 2387; x_wconf 92' lang='lat' dir='ltr'>in</span> <span class='ocrx_word' id='word_1_110' title='bbox 774 2351 824 2404; x_wconf 88' lang='lat' dir='ltr'>quo</span> <span class='ocrx_word' id='word_1_111' title='bbox 844 2335 908 2386; x_wconf 88' lang='lat' dir='ltr'>baec</span> <span class='ocrx_word' id='word_1_112' title='bbox 926 2349 997 2385; x_wconf 88' lang='lat' dir='ltr'>vocc.</span> <span class='ocrx_word' id='word_1_113' title='bbox 1016 2347 1111 2400; x_wconf 88' lang='lat' dir='ltr'>paren-</span> 
     </span>
     <span class='ocr_line' id='line_1_17' title="bbox 100 2420 1113 2496; baseline -0.003 -22"><span class='ocrx_word' id='word_1_114' title='bbox 100 2423 205 2477; x_wconf 79' lang='lat' dir='ltr'>thesibus</span> <span class='ocrx_word' id='word_1_115' title='bbox 228 2432 287 2476; x_wconf 87' lang='lat' dir='ltr'>sunt</span> <span class='ocrx_word' id='word_1_116' title='bbox 314 2425 425 2489; x_wconf 86' lang='lat' dir='ltr'>incluse,</span> <span class='ocrx_word' id='word_1_117' title='bbox 446 2424 502 2490; x_wconf 82' lang='lat' dir='ltr'>tte,</span> <span class='ocrx_word' id='word_1_118' title='bbox 524 2429 593 2496; x_wconf 76' lang='lat' dir='ltr'>prola</span> <span class='ocrx_word' id='word_1_119' title='bbox 616 2429 693 2494; x_wconf 71' lang='lat' dir='ltr'>nesae</span> <span class='ocrx_word' id='word_1_120' title='bbox 717 2423 807 2475; x_wconf 87' lang='lat' dir='ltr'>Bemb.</span> <span class='ocrx_word' id='word_1_121' title='bbox 827 2422 902 2475; x_wconf 82' lang='lat' dir='ltr'>Grau.</span> <span class='ocrx_word' id='word_1_122' title='bbox 921 2420 1021 2485; x_wconf 73' lang='lat' dir='ltr'>Belum,</span> <span class='ocrx_word' id='word_1_123' title='bbox 1045 2422 1113 2488; x_wconf 79' lang='lat' dir='ltr'>prola</span> 
     </span>
     <span class='ocr_line' id='line_1_18' title="bbox 100 2506 1113 2580; baseline -0.008 -18"><span class='ocrx_word' id='word_1_124' title='bbox 100 2517 190 2580; x_wconf 79' lang='lat' dir='ltr'>napbas</span> <span class='ocrx_word' id='word_1_125' title='bbox 215 2513 274 2564; x_wconf 89' lang='lat' dir='ltr'>edd.</span> <span class='ocrx_word' id='word_1_126' title='bbox 300 2529 337 2580; x_wconf 87' lang='lat' dir='ltr'>pr.</span> <span class='ocrx_word' id='word_1_127' title='bbox 363 2521 389 2564; x_wconf 88' lang='lat' dir='ltr'>et</span> <span class='ocrx_word' id='word_1_128' title='bbox 410 2511 508 2564; x_wconf 86' lang='lat' dir='ltr'>Erasm.</span> <span class='ocrx_word' id='word_1_129' title='bbox 559 2511 597 2564; x_wconf 79' lang='lat' dir='ltr'>si.</span> <span class='ocrx_word' id='word_1_130' title='bbox 619 2512 649 2562; x_wconf 91' lang='lat' dir='ltr'>nd</span> <span class='ocrx_word' id='word_1_131' title='bbox 670 2510 731 2580; x_wconf 81' lang='lat' dir='ltr'>Cap.</span> <span class='ocrx_word' id='word_1_132' title='bbox 751 2509 814 2561; x_wconf 88' lang='lat' dir='ltr'>Vlll.</span> <span class='ocrx_word' id='word_1_133' title='bbox 835 2527 858 2562; x_wconf 88' lang='lat' dir='ltr'>n.</span> <span class='ocrx_word' id='word_1_134' title='bbox 881 2510 903 2562; x_wconf 94' lang='grc'>1.</span> <span class='ocrx_word' id='word_1_135' title='bbox 922 2517 948 2559; x_wconf 92' lang='lat' dir='ltr'>ct</span> <span class='ocrx_word' id='word_1_136' title='bbox 972 2507 1003 2558; x_wconf 93' lang='lat' dir='ltr'>ad</span> <span class='ocrx_word' id='word_1_137' title='bbox 1022 2506 1113 2558; x_wconf 88' lang='lat' dir='ltr'>librum</span> 
     </span>
    </p>
   </div>
   <div class='ocr_carea' id='block_1_6' title="bbox 67 2616 1115 4141">
    <p class='ocr_par' dir='ltr' id='par_1_6' title="bbox 100 2616 1115 3611">
     <span class='ocr_line' id='line_1_19' title="bbox 1000 2616 1010 2649; baseline 0 0"><span class='ocrx_word' id='word_1_138' title='bbox 1000 2616 1010 2649; x_wconf 90' lang='lat' dir='ltr'>s</span> 
     </span>
     <span class='ocr_line' id='line_1_20' title="bbox 101 2665 1112 2738; baseline -0.002 -20"><span class='ocrx_word' id='word_1_139' title='bbox 101 2669 128 2718; x_wconf 90' lang='lat' dir='ltr'>de</span> <span class='ocrx_word' id='word_1_140' title='bbox 145 2669 227 2722; x_wconf 86' lang='lat' dir='ltr'>babitu</span> <span class='ocrx_word' id='word_1_141' title='bbox 247 2671 311 2738; x_wconf 85' lang='lat' dir='ltr'>virg.</span> <span class='ocrx_word' id='word_1_142' title='bbox 332 2669 393 2738; x_wconf 71' lang='lat' dir='ltr'>fap.</span> <span class='ocrx_word' id='word_1_143' title='bbox 412 2669 476 2721; x_wconf 84' lang='lat' dir='ltr'>xttl.</span> <span class='ocrx_word' id='word_1_144' title='bbox 495 2687 518 2720; x_wconf 93' lang='lat' dir='ltr'>n.</span> <span class='ocrx_word' id='word_1_145' title='bbox 538 2671 562 2721; x_wconf 89' lang='grc'>6.</span> <span class='ocrx_word' id='word_1_146' title='bbox 584 2700 614 2707; x_wconf 92' lang='grc'><strong>-</strong></span> <span class='ocrx_word' id='word_1_147' title='bbox 636 2673 723 2723; x_wconf 81' lang='lat' dir='ltr'>amasia</span> <span class='ocrx_word' id='word_1_148' title='bbox 746 2686 795 2721; x_wconf 88' lang='lat' dir='ltr'>om.</span> <span class='ocrx_word' id='word_1_149' title='bbox 816 2669 846 2720; x_wconf 90' lang='lat' dir='ltr'>ll.</span> <span class='ocrx_word' id='word_1_150' title='bbox 893 2669 921 2732; x_wconf 83' lang='lat'>2)</span> <span class='ocrx_word' id='word_1_151' title='bbox 941 2671 1035 2722; x_wconf 78' lang='lat' dir='ltr'>cattam</span> <span class='ocrx_word' id='word_1_152' title='bbox 1061 2665 1112 2730; x_wconf 86' lang='lat' dir='ltr'>llb,</span> 
     </span>
     <span class='ocr_line' id='line_1_21' title="bbox 100 2757 1114 2827; baseline -0.003 -19"><span class='ocrx_word' id='word_1_153' title='bbox 100 2760 182 2810; x_wconf 82' lang='lat' dir='ltr'>saltim</span> <span class='ocrx_word' id='word_1_154' title='bbox 200 2758 232 2808; x_wconf 94' lang='lat' dir='ltr'>W</span> <span class='ocrx_word' id='word_1_155' title='bbox 252 2767 279 2808; x_wconf 91' lang='lat' dir='ltr'>et</span> <span class='ocrx_word' id='word_1_156' title='bbox 297 2757 354 2823; x_wconf 83' lang='lat' dir='ltr'>tta,</span> <span class='ocrx_word' id='word_1_157' title='bbox 380 2766 406 2809; x_wconf 92' lang='lat' dir='ltr'>ut</span> <span class='ocrx_word' id='word_1_158' title='bbox 431 2775 514 2826; x_wconf 83' lang='lat' dir='ltr'>supra.</span> <span class='ocrx_word' id='word_1_159' title='bbox 551 2757 617 2810; x_wconf 89' lang='lat' dir='ltr'>Dein</span> <span class='ocrx_word' id='word_1_160' title='bbox 637 2769 667 2811; x_wconf 87' lang='lat' dir='ltr'>nt</span> <span class='ocrx_word' id='word_1_161' title='bbox 684 2760 841 2827; x_wconf 82' lang='lat' dir='ltr'>interrogati</span> <span class='ocrx_word' id='word_1_162' title='bbox 857 2763 996 2826; x_wconf 74' lang='lat' dir='ltr'>negarent,</span> <span class='ocrx_word' id='word_1_163' title='bbox 1022 2763 1051 2807; x_wconf 89' lang='lat' dir='ltr'>nt</span> <span class='ocrx_word' id='word_1_164' title='bbox 1070 2761 1114 2806; x_wconf 81' lang='lat' dir='ltr'>tus</span> 
     </span>
     <span class='ocr_line' id='line_1_22' title="bbox 101 2839 1114 2916; baseline -0.004 -22"><span class='ocrx_word' id='word_1_165' title='bbox 101 2849 262 2900; x_wconf 80' lang='lat' dir='ltr'>accenderent</span> <span class='ocrx_word' id='word_1_166' title='bbox 279 2849 438 2916; x_wconf 71' lang='lat' dir='ltr'>appabensi</span> <span class='ocrx_word' id='word_1_167' title='bbox 456 2847 539 2896; x_wconf 83' lang='lat' dir='ltr'>invitis</span> <span class='ocrx_word' id='word_1_168' title='bbox 558 2845 633 2897; x_wconf 93' lang='lat' dir='ltr'>codd.</span> <span class='ocrx_word' id='word_1_169' title='bbox 652 2846 760 2909; x_wconf 86' lang='lat' dir='ltr'>nostris,</span> <span class='ocrx_word' id='word_1_170' title='bbox 785 2846 844 2896; x_wconf 90' lang='lat' dir='ltr'>item</span> <span class='ocrx_word' id='word_1_171' title='bbox 864 2843 922 2894; x_wconf 87' lang='lat' dir='ltr'>Ver.</span> <span class='ocrx_word' id='word_1_172' title='bbox 944 2849 970 2894; x_wconf 90' lang='lat' dir='ltr'>et</span> <span class='ocrx_word' id='word_1_173' title='bbox 988 2856 1038 2892; x_wconf 92' lang='lat' dir='ltr'>uno</span> <span class='ocrx_word' id='word_1_174' title='bbox 1058 2839 1114 2890; x_wconf 88' lang='lat' dir='ltr'>Vet.</span> 
     </span>
     <span class='ocr_line' id='line_1_23' title="bbox 100 2927 1113 3003; baseline -0.004 -22"><span class='ocrx_word' id='word_1_175' title='bbox 100 2934 275 3003; x_wconf 89' lang='lat' dir='ltr'>veteribusque</span> <span class='ocrx_word' id='word_1_176' title='bbox 300 2932 369 2984; x_wconf 85' lang='lat' dir='ltr'>libris</span> <span class='ocrx_word' id='word_1_177' title='bbox 395 2933 470 2984; x_wconf 90' lang='lat' dir='ltr'>editis</span> <span class='ocrx_word' id='word_1_178' title='bbox 489 2933 610 2984; x_wconf 80' lang='lat' dir='ltr'>exhibent</span> <span class='ocrx_word' id='word_1_179' title='bbox 629 2932 726 2984; x_wconf 89' lang='lat' dir='ltr'>Eraem.</span> <span class='ocrx_word' id='word_1_180' title='bbox 747 2931 821 2984; x_wconf 87' lang='lat' dir='ltr'>Grav.</span> <span class='ocrx_word' id='word_1_181' title='bbox 842 2932 933 2983; x_wconf 85' lang='lat' dir='ltr'>blenut.</span> <span class='ocrx_word' id='word_1_182' title='bbox 953 2928 1046 2980; x_wconf 88' lang='lat' dir='ltr'>Pamel.</span> <span class='ocrx_word' id='word_1_183' title='bbox 1066 2927 1113 2978; x_wconf 85' lang='lat' dir='ltr'>lli-</span> 
     </span>
     <span class='ocr_line' id='line_1_24' title="bbox 101 3018 1115 3089; baseline -0.001 -21"><span class='ocrx_word' id='word_1_184' title='bbox 101 3018 153 3084; x_wconf 81' lang='lat' dir='ltr'>gelt.</span> <span class='ocrx_word' id='word_1_185' title='bbox 197 3020 270 3073; x_wconf 70' lang='lat' dir='ltr'>t&#39;onl.</span> <span class='ocrx_word' id='word_1_186' title='bbox 299 3021 440 3074; x_wconf 86' lang='lat' dir='ltr'>Gronov.</span> <span class='ocrx_word' id='word_1_187' title='bbox 467 3020 611 3073; x_wconf 83' lang='lat' dir='ltr'>Observatt.</span> <span class='ocrx_word' id='word_1_188' title='bbox 639 3039 663 3089; x_wconf 90' lang='lat' dir='ltr'>p.</span> <span class='ocrx_word' id='word_1_189' title='bbox 691 3021 750 3073; x_wconf 79' lang='lat'>264.</span> <span class='ocrx_word' id='word_1_190' title='bbox 797 3019 862 3071; x_wconf 88' lang='lat' dir='ltr'>blele</span> <span class='ocrx_word' id='word_1_191' title='bbox 888 3028 934 3072; x_wconf 88' lang='lat' dir='ltr'>ant</span> <span class='ocrx_word' id='word_1_192' title='bbox 960 3019 1115 3085; x_wconf 73' lang='lat' dir='ltr'>interrogati</span> 
     </span>
     <span class='ocr_line' id='line_1_25' title="bbox 102 3101 1113 3178; baseline -0.004 -23"><span class='ocrx_word' id='word_1_193' title='bbox 102 3101 174 3160; x_wconf 82' lang='lat' dir='ltr'>Onon.</span> <span class='ocrx_word' id='word_1_194' title='bbox 209 3108 239 3178; x_wconf 86' lang='grc'>3)</span> <span class='ocrx_word' id='word_1_195' title='bbox 259 3107 476 3178; x_wconf 79' lang='lat' dir='ltr'>Praepositionem</span> <span class='ocrx_word' id='word_1_196' title='bbox 500 3125 519 3161; x_wconf 86' lang='lat' dir='ltr'>r.</span> <span class='ocrx_word' id='word_1_197' title='bbox 541 3126 573 3160; x_wconf 93' lang='lat' dir='ltr'>m.</span> <span class='ocrx_word' id='word_1_198' title='bbox 593 3109 772 3176; x_wconf 84' lang='lat' dir='ltr'>superscripsit</span> <span class='ocrx_word' id='word_1_199' title='bbox 796 3111 820 3159; x_wconf 90' lang='lat' dir='ltr'>in</span> <span class='ocrx_word' id='word_1_200' title='bbox 839 3107 885 3157; x_wconf 86' lang='lat' dir='ltr'>lllc.</span> <span class='ocrx_word' id='word_1_201' title='bbox 929 3106 956 3170; x_wconf 81' lang='lat' dir='ltr'>l)</span> <span class='ocrx_word' id='word_1_202' title='bbox 977 3103 1047 3154; x_wconf 90' lang='lat' dir='ltr'>llanc</span> <span class='ocrx_word' id='word_1_203' title='bbox 1071 3103 1113 3152; x_wconf 88' lang='lat' dir='ltr'>lc·</span> 
     </span>
     <span class='ocr_line' id='line_1_26' title="bbox 101 3189 1113 3266; baseline -0.001 -26"><span class='ocrx_word' id='word_1_204' title='bbox 101 3195 202 3246; x_wconf 88' lang='lat' dir='ltr'>ctionem</span> <span class='ocrx_word' id='word_1_205' title='bbox 223 3211 270 3264; x_wconf 89' lang='lat' dir='ltr'>pro</span> <span class='ocrx_word' id='word_1_206' title='bbox 290 3197 358 3265; x_wconf 81' lang='lat' dir='ltr'>vsrlg.</span> <span class='ocrx_word' id='word_1_207' title='bbox 372 3215 475 3266; x_wconf 79' lang='lat' dir='ltr'>semper</span> <span class='ocrx_word' id='word_1_208' title='bbox 493 3197 665 3265; x_wconf 86' lang='lat' dir='ltr'>praebuerunt</span> <span class='ocrx_word' id='word_1_209' title='bbox 684 3196 759 3246; x_wconf 94' lang='lat' dir='ltr'>codd.</span> <span class='ocrx_word' id='word_1_210' title='bbox 773 3195 842 3260; x_wconf 84' lang='lat' dir='ltr'>Ver,</span> <span class='ocrx_word' id='word_1_211' title='bbox 861 3203 913 3245; x_wconf 85' lang='lat' dir='ltr'>tres</span> <span class='ocrx_word' id='word_1_212' title='bbox 927 3193 980 3244; x_wconf 91' lang='lat' dir='ltr'>Vat.</span> <span class='ocrx_word' id='word_1_213' title='bbox 996 3191 1034 3242; x_wconf 90' lang='lat' dir='ltr'>W.</span> <span class='ocrx_word' id='word_1_214' title='bbox 1049 3189 1113 3240; x_wconf 90' lang='lat' dir='ltr'>llab.</span> 
     </span>
     <span class='ocr_line' id='line_1_27' title="bbox 100 3276 1111 3350; baseline -0.001 -21"><span class='ocrx_word' id='word_1_215' title='bbox 100 3277 156 3333; x_wconf 84' lang='lat' dir='ltr'>Bab.</span> <span class='ocrx_word' id='word_1_216' title='bbox 173 3284 211 3348; x_wconf 80' lang='grc' dir='ltr'>Α,</span> <span class='ocrx_word' id='word_1_217' title='bbox 236 3285 297 3334; x_wconf 89' lang='lat' dir='ltr'>item</span> <span class='ocrx_word' id='word_1_218' title='bbox 315 3284 444 3342; x_wconf 81' lang='lat' dir='ltr'>sexdecim</span> <span class='ocrx_word' id='word_1_219' title='bbox 463 3301 477 3335; x_wconf 89' lang='lat' dir='ltr'>a</span> <span class='ocrx_word' id='word_1_220' title='bbox 498 3283 602 3335; x_wconf 86' lang='lat' dir='ltr'>Belusio</span> <span class='ocrx_word' id='word_1_221' title='bbox 622 3283 722 3348; x_wconf 88' lang='lat' dir='ltr'>collati,</span> <span class='ocrx_word' id='word_1_222' title='bbox 748 3285 772 3334; x_wconf 88' lang='lat' dir='ltr'>in</span> <span class='ocrx_word' id='word_1_223' title='bbox 798 3281 889 3350; x_wconf 87' lang='lat' dir='ltr'>quibus</span> <span class='ocrx_word' id='word_1_224' title='bbox 909 3288 947 3330; x_wconf 90' lang='lat' dir='ltr'>est</span> <span class='ocrx_word' id='word_1_225' title='bbox 965 3281 1040 3330; x_wconf 88' lang='lat' dir='ltr'>etiam</span> <span class='ocrx_word' id='word_1_226' title='bbox 1062 3276 1111 3328; x_wconf 92' lang='lat' dir='ltr'>Se-</span> 
     </span>
     <span class='ocr_line' id='line_1_28' title="bbox 101 3364 1113 3436; baseline -0.004 -19"><span class='ocrx_word' id='word_1_227' title='bbox 101 3369 187 3433; x_wconf 86' lang='lat' dir='ltr'>guier.,</span> <span class='ocrx_word' id='word_1_228' title='bbox 214 3387 237 3422; x_wconf 89' lang='lat' dir='ltr'>c.</span> <span class='ocrx_word' id='word_1_229' title='bbox 264 3371 304 3420; x_wconf 90' lang='lat' dir='ltr'>ed.</span> <span class='ocrx_word' id='word_1_230' title='bbox 329 3368 425 3421; x_wconf 87' lang='lat' dir='ltr'>llorell.</span> <span class='ocrx_word' id='word_1_231' title='bbox 469 3369 556 3421; x_wconf 87' lang='lat' dir='ltr'>Statim</span> <span class='ocrx_word' id='word_1_232' title='bbox 583 3372 718 3422; x_wconf 82' lang='lat' dir='ltr'>ebtaseent</span> <span class='ocrx_word' id='word_1_233' title='bbox 741 3368 791 3419; x_wconf 90' lang='lat' dir='ltr'>lid.</span> <span class='ocrx_word' id='word_1_234' title='bbox 838 3368 868 3436; x_wconf 84' lang='grc'>5)</span> <span class='ocrx_word' id='word_1_235' title='bbox 897 3369 972 3433; x_wconf 80' lang='lat' dir='ltr'>Quod</span> <span class='ocrx_word' id='word_1_236' title='bbox 998 3364 1113 3432; x_wconf 86' lang='lat' dir='ltr'>Seguier.</span> 
     </span>
     <span class='ocr_line' id='line_1_29' title="bbox 101 3453 1114 3524; baseline -0.005 -18"><span class='ocrx_word' id='word_1_237' title='bbox 101 3453 136 3505; x_wconf 93' lang='lat' dir='ltr'>W.</span> <span class='ocrx_word' id='word_1_238' title='bbox 155 3455 217 3507; x_wconf 88' lang='lat' dir='ltr'>bled.</span> <span class='ocrx_word' id='word_1_239' title='bbox 237 3455 299 3508; x_wconf 91' lang='lat' dir='ltr'>Bab.</span> <span class='ocrx_word' id='word_1_240' title='bbox 319 3455 341 3507; x_wconf 82' lang='grc' dir='ltr'>Α</span> <span class='ocrx_word' id='word_1_241' title='bbox 361 3463 386 3506; x_wconf 90' lang='lat' dir='ltr'>et</span> <span class='ocrx_word' id='word_1_242' title='bbox 411 3473 448 3524; x_wconf 85' lang='lat' dir='ltr'>pr.</span> <span class='ocrx_word' id='word_1_243' title='bbox 468 3456 517 3508; x_wconf 91' lang='lat' dir='ltr'>lllb.</span> <span class='ocrx_word' id='word_1_244' title='bbox 561 3455 700 3523; x_wconf 86' lang='lat' dir='ltr'>Praeposit.</span> <span class='ocrx_word' id='word_1_245' title='bbox 720 3476 737 3508; x_wconf 86' lang='lat' dir='ltr'>a</span> <span class='ocrx_word' id='word_1_246' title='bbox 754 3463 814 3505; x_wconf 87' lang='lat' dir='ltr'>ante</span> <span class='ocrx_word' id='word_1_247' title='bbox 839 3455 1040 3523; x_wconf 80' lang='lat' dir='ltr'>arsapiatratr&#39;bns</span> <span class='ocrx_word' id='word_1_248' title='bbox 1064 3467 1114 3501; x_wconf 89' lang='lat' dir='ltr'>om.</span> 
     </span>
     <span class='ocr_line' id='line_1_30' title="bbox 103 3538 1113 3611; baseline -0.002 -19"><span class='ocrx_word' id='word_1_249' title='bbox 103 3539 145 3593; x_wconf 87' lang='lat' dir='ltr'>lla.</span> <span class='ocrx_word' id='word_1_250' title='bbox 180 3542 240 3595; x_wconf 80' lang='lat' dir='ltr'>Tum</span> <span class='ocrx_word' id='word_1_251' title='bbox 260 3559 369 3611; x_wconf 80' lang='lat' dir='ltr'>vespera</span> <span class='ocrx_word' id='word_1_252' title='bbox 387 3543 474 3593; x_wconf 90' lang='lat' dir='ltr'>scribit</span> <span class='ocrx_word' id='word_1_253' title='bbox 494 3543 523 3594; x_wconf 82' lang='grc' dir='ltr'>Α.</span> <span class='ocrx_word' id='word_1_254' title='bbox 557 3541 658 3592; x_wconf 87' lang='lat' dir='ltr'>Deinde</span> <span class='ocrx_word' id='word_1_255' title='bbox 675 3550 803 3610; x_wconf 72' lang='lat' dir='ltr'>capescente</span> <span class='ocrx_word' id='word_1_256' title='bbox 821 3539 867 3590; x_wconf 91' lang='lat' dir='ltr'>llo.</span> <span class='ocrx_word' id='word_1_257' title='bbox 899 3538 956 3588; x_wconf 86' lang='lat' dir='ltr'>lllox</span> <span class='ocrx_word' id='word_1_258' title='bbox 974 3553 1021 3605; x_wconf 92' lang='lat' dir='ltr'>pro</span> <span class='ocrx_word' id='word_1_259' title='bbox 1040 3545 1113 3604; x_wconf 79' lang='lat' dir='ltr'>arant,</span> 
     </span>
    </p>

    <p class='ocr_par' dir='ltr' id='par_1_7' title="bbox 67 3623 1114 4141">
     <span class='ocr_line' id='line_1_31' title="bbox 67 3623 1113 3698; baseline -0.003 -21"><span class='ocrx_word' id='word_1_260' title='bbox 67 3632 69 3640; x_wconf 84' lang='grc'><strong>“</strong></span> <span class='ocrx_word' id='word_1_261' title='bbox 104 3629 164 3694; x_wconf 87' lang='lat' dir='ltr'>quod</span> <span class='ocrx_word' id='word_1_262' title='bbox 181 3645 229 3682; x_wconf 92' lang='lat' dir='ltr'>om.</span> <span class='ocrx_word' id='word_1_263' title='bbox 248 3631 314 3681; x_wconf 93' lang='lat' dir='ltr'>idem</span> <span class='ocrx_word' id='word_1_264' title='bbox 333 3629 409 3693; x_wconf 90' lang='lat' dir='ltr'>liber,</span> <span class='ocrx_word' id='word_1_265' title='bbox 428 3631 451 3680; x_wconf 92' lang='lat' dir='ltr'>in</span> <span class='ocrx_word' id='word_1_266' title='bbox 471 3628 509 3682; x_wconf 91' lang='lat' dir='ltr'>Bb</span> <span class='ocrx_word' id='word_1_267' title='bbox 528 3630 619 3698; x_wconf 87' lang='lat' dir='ltr'>legitur</span> <span class='ocrx_word' id='word_1_268' title='bbox 635 3633 698 3683; x_wconf 84' lang='lat' dir='ltr'>sisst.</span> <span class='ocrx_word' id='word_1_269' title='bbox 735 3627 763 3695; x_wconf 88' lang='grc'>6)</span> <span class='ocrx_word' id='word_1_270' title='bbox 784 3629 853 3696; x_wconf 78' lang='lat' dir='ltr'>qnod</span> <span class='ocrx_word' id='word_1_271' title='bbox 866 3625 979 3694; x_wconf 89' lang='lat' dir='ltr'>Seguier.</span> <span class='ocrx_word' id='word_1_272' title='bbox 994 3624 1033 3676; x_wconf 90' lang='lat' dir='ltr'>W.</span> <span class='ocrx_word' id='word_1_273' title='bbox 1048 3623 1113 3675; x_wconf 84' lang='lat' dir='ltr'>bled.</span> 
     </span>
     <span class='ocr_line' id='line_1_32' title="bbox 103 3709 1113 3786; baseline -0.003 -21"><span class='ocrx_word' id='word_1_274' title='bbox 103 3709 192 3768; x_wconf 76' lang='lat' dir='ltr'>tana</span> <span class='ocrx_word' id='word_1_275' title='bbox 210 3726 236 3768; x_wconf 92' lang='lat' dir='ltr'>et</span> <span class='ocrx_word' id='word_1_276' title='bbox 260 3734 297 3785; x_wconf 88' lang='lat' dir='ltr'>pr.</span> <span class='ocrx_word' id='word_1_277' title='bbox 316 3715 373 3782; x_wconf 88' lang='lat' dir='ltr'>llb,</span> <span class='ocrx_word' id='word_1_278' title='bbox 399 3727 426 3769; x_wconf 93' lang='lat' dir='ltr'>ut</span> <span class='ocrx_word' id='word_1_279' title='bbox 444 3735 528 3786; x_wconf 82' lang='lat' dir='ltr'>supra.</span> <span class='ocrx_word' id='word_1_280' title='bbox 570 3717 635 3768; x_wconf 87' lang='lat' dir='ltr'>Dein</span> <span class='ocrx_word' id='word_1_281' title='bbox 655 3721 732 3770; x_wconf 84' lang='lat' dir='ltr'>etiam</span> <span class='ocrx_word' id='word_1_282' title='bbox 755 3733 802 3769; x_wconf 86' lang='lat' dir='ltr'>aec</span> <span class='ocrx_word' id='word_1_283' title='bbox 823 3713 956 3782; x_wconf 87' lang='lat' dir='ltr'>Seguier.,</span> <span class='ocrx_word' id='word_1_284' title='bbox 980 3730 1028 3768; x_wconf 88' lang='lat' dir='ltr'>nec</span> <span class='ocrx_word' id='word_1_285' title='bbox 1054 3714 1113 3764; x_wconf 91' lang='lat' dir='ltr'>item</span> 
     </span>
     <span class='ocr_line' id='line_1_33' title="bbox 104 3797 1114 3875; baseline -0.006 -21"><span class='ocrx_word' id='word_1_286' title='bbox 104 3797 148 3852; x_wconf 76' lang='lat' dir='ltr'>lle.</span> <span class='ocrx_word' id='word_1_287' title='bbox 191 3801 251 3854; x_wconf 80' lang='lat' dir='ltr'>Tum</span> <span class='ocrx_word' id='word_1_288' title='bbox 277 3808 415 3875; x_wconf 72' lang='lat' dir='ltr'>differetur</span> <span class='ocrx_word' id='word_1_289' title='bbox 442 3805 559 3873; x_wconf 89' lang='lat' dir='ltr'>Seguier.</span> <span class='ocrx_word' id='word_1_290' title='bbox 588 3804 625 3855; x_wconf 94' lang='lat' dir='ltr'>Bb</span> <span class='ocrx_word' id='word_1_291' title='bbox 654 3820 676 3854; x_wconf 89' lang='lat' dir='ltr'>e.</span> <span class='ocrx_word' id='word_1_292' title='bbox 702 3803 740 3868; x_wconf 86' lang='lat' dir='ltr'>ll,</span> <span class='ocrx_word' id='word_1_293' title='bbox 773 3810 798 3852; x_wconf 90' lang='lat' dir='ltr'>et</span> <span class='ocrx_word' id='word_1_294' title='bbox 826 3803 861 3853; x_wconf 88' lang='lat' dir='ltr'>ita</span> <span class='ocrx_word' id='word_1_295' title='bbox 887 3802 968 3868; x_wconf 89' lang='lat' dir='ltr'>primo</span> <span class='ocrx_word' id='word_1_296' title='bbox 995 3801 1114 3866; x_wconf 89' lang='lat' dir='ltr'>scriptum</span> 
     </span>
     <span class='ocr_line' id='line_1_34' title="bbox 104 3885 1114 3964; baseline 0.001 -28"><span class='ocrx_word' id='word_1_297' title='bbox 104 3885 145 3940; x_wconf 88' lang='lat' dir='ltr'>luit</span> <span class='ocrx_word' id='word_1_298' title='bbox 167 3891 191 3942; x_wconf 94' lang='lat' dir='ltr'>in</span> <span class='ocrx_word' id='word_1_299' title='bbox 208 3891 249 3942; x_wconf 89' lang='lat' dir='ltr'>W.</span> <span class='ocrx_word' id='word_1_300' title='bbox 285 3889 401 3964; x_wconf 80' lang='lat' dir='ltr'>Proxime</span> <span class='ocrx_word' id='word_1_301' title='bbox 425 3902 449 3946; x_wconf 83' lang='lat' dir='ltr'>et</span> <span class='ocrx_word' id='word_1_302' title='bbox 473 3908 519 3959; x_wconf 87' lang='lat' dir='ltr'>pro</span> <span class='ocrx_word' id='word_1_303' title='bbox 544 3895 622 3946; x_wconf 86' lang='lat' dir='ltr'>etiam</span> <span class='ocrx_word' id='word_1_304' title='bbox 644 3890 757 3960; x_wconf 80' lang='lat' dir='ltr'>Seguier.</span> <span class='ocrx_word' id='word_1_305' title='bbox 775 3889 816 3940; x_wconf 88' lang='lat' dir='ltr'>W.</span> <span class='ocrx_word' id='word_1_306' title='bbox 835 3886 902 3939; x_wconf 87' lang='lat' dir='ltr'>llbd.</span> <span class='ocrx_word' id='word_1_307' title='bbox 920 3885 966 3941; x_wconf 87' lang='lat' dir='ltr'>Be.</span> <span class='ocrx_word' id='word_1_308' title='bbox 984 3886 1008 3938; x_wconf 82' lang='grc' dir='ltr'>Α</span> <span class='ocrx_word' id='word_1_309' title='bbox 1026 3894 1052 3937; x_wconf 88' lang='lat' dir='ltr'>et</span> <span class='ocrx_word' id='word_1_310' title='bbox 1076 3902 1114 3954; x_wconf 88' lang='lat' dir='ltr'>pr.</span> 
     </span>
     <span class='ocr_line' id='line_1_35' title="bbox 104 3971 1114 4048; baseline -0.003 -22"><span class='ocrx_word' id='word_1_311' title='bbox 104 3971 139 4025; x_wconf 86' lang='lat' dir='ltr'>lla</span> <span class='ocrx_word' id='word_1_312' title='bbox 170 3986 243 4047; x_wconf 85' lang='lat' dir='ltr'>etque</span> <span class='ocrx_word' id='word_1_313' title='bbox 268 3978 317 4030; x_wconf 86' lang='lat' dir='ltr'>lle.</span> <span class='ocrx_word' id='word_1_314' title='bbox 365 3979 454 4048; x_wconf 85' lang='lat' dir='ltr'>Neque</span> <span class='ocrx_word' id='word_1_315' title='bbox 487 3989 528 4044; x_wconf 90' lang='lat' dir='ltr'>et,</span> <span class='ocrx_word' id='word_1_316' title='bbox 559 3996 644 4048; x_wconf 87' lang='lat' dir='ltr'>neque</span> <span class='ocrx_word' id='word_1_317' title='bbox 675 3982 752 4034; x_wconf 80' lang='lat' dir='ltr'>etiam</span> <span class='ocrx_word' id='word_1_318' title='bbox 782 3977 899 4046; x_wconf 81' lang='lat' dir='ltr'>agnoscit</span> <span class='ocrx_word' id='word_1_319' title='bbox 924 3973 977 4039; x_wconf 88' lang='lat' dir='ltr'>Bb,</span> <span class='ocrx_word' id='word_1_320' title='bbox 1007 3975 1031 4024; x_wconf 92' lang='lat' dir='ltr'>in</span> <span class='ocrx_word' id='word_1_321' title='bbox 1063 3988 1114 4042; x_wconf 90' lang='lat' dir='ltr'>quo</span> 
     </span>
     <span class='ocr_line' id='line_1_36' title="bbox 106 4059 1114 4141; baseline -0.003 -27"><span class='ocrx_word' id='word_1_322' title='bbox 106 4059 217 4136; x_wconf 81' lang='lat' dir='ltr'>deinceps</span> <span class='ocrx_word' id='word_1_323' title='bbox 246 4068 367 4122; x_wconf 79' lang='lat' dir='ltr'>scribitur</span> <span class='ocrx_word' id='word_1_324' title='bbox 394 4069 556 4141; x_wconf 72' lang='lat' dir='ltr'>rogaverint.</span> <span class='ocrx_word' id='word_1_325' title='bbox 619 4066 647 4132; x_wconf 84' lang='grc'>7)</span> <span class='ocrx_word' id='word_1_326' title='bbox 679 4068 817 4123; x_wconf 88' lang='lat' dir='ltr'>ostendere</span> <span class='ocrx_word' id='word_1_327' title='bbox 847 4062 888 4114; x_wconf 88' lang='lat' dir='ltr'>llb</span> <span class='ocrx_word' id='word_1_328' title='bbox 919 4069 946 4116; x_wconf 90' lang='lat' dir='ltr'>et</span> <span class='ocrx_word' id='word_1_329' title='bbox 974 4064 1005 4114; x_wconf 81' lang='grc' dir='ltr'>Α.</span> <span class='ocrx_word' id='word_1_330' title='bbox 1053 4059 1114 4112; x_wconf 83' lang='lat' dir='ltr'>Turn</span> 
     </span>
    </p>
   </div>
   <div class='ocr_carea' id='block_1_7' title="bbox 857 4150 908 4220">
    <p class='ocr_par' dir='ltr' id='par_1_8' title="bbox 857 4150 908 4220">
     <span class='ocr_line' id='line_1_37' title="bbox 857 4150 908 4220; baseline 0 -31"><span class='ocrx_word' id='word_1_331' title='bbox 857 4150 908 4220; x_wconf 59' lang='grc' dir='ltr'>δῦ</span> 
     </span>
    </p>
   </div>
   <div class='ocr_carea' id='block_1_8' title="bbox 0 0 1445 4806">
    <p class='ocr_par' dir='ltr' id='par_1_9' title="bbox 0 0 1445 4806">
     <span class='ocr_line' id='line_1_38' title="bbox 0 0 1445 4806; baseline 0 0"><span class='ocrx_word' id='word_1_332' title='bbox 0 0 1445 4806; x_wconf 95' lang='lat' dir='ltr'> </span> 
     </span>
    </p>
   </div>
  </div>
 </body>
</html>
