2874 4806
94 627 239 674 sermone
274 611 411 676 morbido
445 619 478 676 ut
509 613 609 677 letale.
631 616 803 696 contagium
835 622 975 698 serpunt,
1008 635 1115 681 navem

94 725 238 806 seopulis,
253 745 293 788 ne
308 727 338 789 in
353 733 472 808 portum
486 728 651 810 perveniat,
672 728 804 792 inlidunt.
842 730 910 794 Non
926 731 1063 796 concedit
1078 729 1116 811 ¹¹)

94 857 201 921 pacem
224 837 349 904 facilitas
372 841 447 920 ista,
470 840 525 904 sed
548 841 638 922 tollit,
668 859 725 906 neo
749 845 1036 908 communicationem
1059 847 1116 908 tri-

93 953 166 1032 buit,
191 951 247 1016 sed
268 952 382 1037 inpedit
404 955 442 1018 ad
466 955 599 1020 salutem.
644 956 817 1021 Persecutio
842 965 889 1022 est
910 960 986 1023 hoec
1008 960 1064 1023 alia
1087 966 1119 1024 et

71 1067 157 1130 salia
180 1068 349 1148 temptatio,
379 1083 545 1149 perquam
568 1067 684 1132 subtilis
701 1066 739 1146 ¹²)
762 1070 896 1134 inimicus
918 1073 1117 1156 inpugnandis

94 1179 195 1244 adlruo
217 1179 308 1262 lapsis
338 1181 455 1245 occulta
487 1181 680 1264 populatione
702 1191 873 1266 grassatur,
896 1193 927 1249 ut
949 1187 1118 1253 lamentatio

95 1297 303 1377 conquiescat,
324 1302 356 1362 ut
369 1293 412 1375 ¹³)
429 1295 517 1362 dolor
531 1297 626 1376 sileat,
650 1305 682 1361 ut
698 1297 796 1362 delicti
810 1301 953 1364 memoria
968 1310 1119 1384 vanescat,

96 1410 300 1496 conprimatur
322 1412 644 1494 pectorumgemitus,
671 1416 817 1476 statuatur
840 1413 927 1478 lletus
949 1416 1116 1496 oculorum,

98 1541 158 1586 neo
181 1523 330 1590 dominum
353 1526 487 1607 graviter
510 1523 657 1590 ollensum
679 1526 771 1607 longa
792 1533 822 1589 et
836 1527 924 1610 plena
938 1531 1119 1611 paenitentia

60 1635 287 1720 intepretetur,
309 1658 376 1706 oum
398 1640 540 1726 seriptum
562 1636 669 1717 sit¹⁴):
692 1639 842 1706 Memento
856 1643 937 1706 unde
954 1629 1113 1725 cecideris,

98 1759 128 1816 et
150 1771 209 1836 ope
226 1754 457 1834 poenitentium.
500 1754 596 1818 Nemo
620 1771 654 1819 se
676 1751 775 1836 fallat,
809 1775 898 1822 nemo
928 1757 1056 1843 decipiat
1072 1758 1119 1840 Ι1).

99 2016 208 2069 tionibus
225 2018 292 2086 typis
313 2015 489 2069 excudendum
508 2016 622 2080 curavit,
647 2031 697 2084 eqo
715 2018 896 2084 praeeuntibus
914 2017 990 2071 libris
1002 2020 1061 2074 Ver.
1079 2020 1120 2076 W.

98 2105 167 2160 ttat.
185 2105 248 2160 Bab.
267 2107 291 2158 tt
307 2111 335 2157 et
357 2105 469 2174 quinque
487 2101 561 2172 Aegl.
580 2103 746 2157 omittendum
770 2107 864 2158 censui.
900 2105 928 2158 ld
952 2105 1030 2159 hebet
1046 2107 1119 2161 llos

98 2210 118 2246 r.
137 2210 171 2246 m.
189 2195 217 2244 in
233 2208 284 2262 mg.
319 2190 377 2244 Pari
395 2191 471 2243 modo
488 2200 548 2244 ante
566 2191 660 2242 uerba:
682 2211 699 2244 a
717 2194 809 2245 radiae
826 2195 991 2260 eudemum,
1011 2197 1121 2263 expunxi

99 2282 191 2334 vocab.
212 2285 347 2346 arborem,
371 2281 439 2350 quod
465 2297 497 2334 ex
522 2279 563 2332 ed.
581 2278 702 2331 Daventr.
721 2281 747 2330 in
765 2278 937 2332 Eunomianam
966 2282 1076 2351 indeque
1095 2285 1121 2336 in

99 2369 259 2437 posteriores
282 2376 389 2437 excepta
415 2365 564 2420 llorelliana
588 2365 734 2431 inlluxerat3
760 2365 832 2418 abest
858 2369 925 2419 enim
950 2385 964 2420 a
989 2371 1062 2422 codd.
1081 2369 1122 2424 W.
1203 2413 1207 2420 .

99 2457 165 2512 liae.
184 2456 247 2510 Beb.
267 2457 301 2524 A,
319 2465 438 2527 quattuor
456 2453 530 2508 Bodl.
552 2463 578 2507 et
596 2456 724 2507 sexdecim
743 2455 849 2524 antiquis
868 2453 954 2508 Batus.
988 2455 1063 2510 Liber
1081 2457 1122 2510 lllt

100 2546 188 2598 scribit
206 2554 230 2601 et
248 2550 369 2601 ardores.
413 2544 513 2598 Idcirco
533 2559 582 2612 ego
600 2543 683 2596 nullus
702 2543 788 2596 dubito
807 2544 986 2598 adsumentum
1007 2546 1074 2598 istud
1093 2563 1125 2600 ex

99 2649 180 2706 marg.
199 2636 225 2686 in
245 2641 339 2688 textum
356 2635 496 2702 irrepsisse.
534 2632 592 2686 lllox
608 2631 669 2684 Ver.
689 2641 760 2684 recte
785 2631 863 2685 hebet
887 2643 917 2688 ut
934 2633 993 2703 (pro
1017 2638 1062 2699 ad)
1081 2639 1125 2691 te.

101 2726 154 2778 talo
176 2727 335 2793 corrtnqinm.
371 2721 432 2774 Tum
449 2724 540 2776 navim
559 2720 605 2773 lle.
641 2720 711 2774 Idem
730 2725 759 2775 s'rr
777 2723 804 2786 (a
823 2737 843 2774 r.
863 2722 909 2787 ιιι.)
928 2726 1066 2792 scapulis,
1084 2723 1126 2777 lid

102 2829 124 2866 c.
144 2809 288 2866 edd.‚vett.
308 2818 334 2864 et
351 2808 478 2862 Rcmlrolt.
497 2812 526 2862 ira
543 2813 680 2880 scopulos,
699 2809 758 2860 edd.
776 2807 877 2862 Erasm.
891 2807 965 2863 Grau.
985 2819 1011 2862 et
1028 2811 1126 2865 liorell.

102 2904 136 2954 cd
161 2902 297 2970 scopulos.
341 2898 407 2950 Dein
430 2915 478 2951 nee
504 2913 541 2964 pr.
564 2897 611 2949 llo.
654 2896 770 2949 Proxime
793 2900 882 2951 veniat
906 2896 947 2947 ttt
972 2905 999 2950 et
1022 2915 1060 2967 pr.
1080 2898 1126 2950 lic.

105 2989 150 3058 11)
178 2991 246 3043 cedit
272 3004 309 3056 pr.
335 2985 383 3038 tte.
426 2984 484 3038 llox
509 2989 627 3056 facultas
654 2983 701 3037 Bb.
747 2983 810 3036 'l'urn
838 2986 1070 3038 comminueionem
1096 2982 1127 3037 Α.
1246 3017 1248 3020 -

104 3077 152 3144 12)
180 3078 289 3143 suptilis
307 3074 347 3130 W.
384 3073 485 3127 Deinde
508 3077 699 3145 impupnands's
722 3075 874 3128 lroms'rrs'lme
896 3073 926 3124 ll.
969 3071 1129 3150 Peulopost

105 3173 249 3220 erassatur
273 3161 330 3215 lllrc
354 3171 380 3214 et
401 3160 447 3216 na.
500 3162 545 3225 13)
571 3159 626 3215 Οιιι.
653 3159 701 3216 lla.
750 3159 815 3213 Dein
846 3168 972 3216 corruent
995 3159 1035 3211 W.
1062 3159 1126 3212 Mac.

105 3260 132 3306 et
165 3249 204 3303 Bb
234 3269 256 3305 c.
285 3250 359 3316 edd,
390 3251 411 3304 si
443 3251 554 3319 excipies
584 3247 679 3301 Parnel.
712 3229 873 3317 ceterasquex
895 3245 1068 3312 recentiores,
1102 3249 1129 3300 in

105 3321 198 3410 quibus
215 3343 255 3390 'est
273 3347 418 3392 evacuent.
449 3337 505 3390 Vid.
525 3337 557 3390 ad
575 3335 665 3388 librum
687 3334 720 3386 da
739 3333 831 3386 cathol.
850 3333 943 3385 eccles.
957 3335 1018 3387 unit.
1033 3333 1095 3403 Gap.
1109 3333 1129 3388 1.

106 3443 130 3478 n.
144 3425 196 3491 26.,
216 3424 278 3495 Cap.
288 3424 330 3478 W.
348 3440 373 3476 n.
394 3423 445 3489 16.,
465 3423 526 3493 Cap.
540 3423 604 3477 Vlll.
623 3442 648 3477 n.
662 3422 714 3489 13.,
735 3420 798 3491 Cap.
810 3421 875 3474 xlv,
894 3437 918 3472 n.
938 3421 962 3474 2.
991 3421 1032 3476 Md
1051 3421 1129 3474 habet

107 3517 287 3583 conquiescat.
323 3510 396 3576 Quod
415 3512 537 3582 deinceps
555 3515 580 3564 in
599 3512 657 3564 edd.
678 3511 773 3564 Parnel.
787 3509 880 3579 Rigalt.
899 3506 979 3562 Oxou.
1000 3507 1085 3561 Baluz.
1104 3516 1131 3562 et
1196 3549 1203 3562 .

107 3599 199 3654 Goldh.
224 3602 392 3669 interponitur
415 3611 445 3655 art
470 3603 559 3653 merito
585 3617 636 3654 ont.
654 3600 694 3652 W.
721 3598 804 3651 lilacd.
827 3596 917 3650 Bran
941 3605 967 3650 et
990 3597 1050 3649 edd.
1074 3596 1130 3649 rell.

108 3687 168 3740 llox
191 3691 216 3740 Α
238 3690 361 3742 mendose
387 3689 473 3741 scribit
495 3691 576 3759 ptstrra
602 3691 731 3742 occutus.
781 3684 870 3738 Statim
901 3701 935 3738 cs
960 3683 1029 3737 idam
1058 3683 1131 3737 liber.

109 3774 174 3828 Tam
201 3778 304 3830 domim
328 3775 372 3827 tta
421 3774 471 3828 l'ro
494 3777 655 3844 paenitentia
672 3772 706 3823 W
722 3775 854 3841 peltastis.
888 3769 1014 3822 .Detn.A
1036 3773 1131 3840 depre-

111 3873 213 3918 centur.
255 3862 371 3915 Proxime
395 3872 436 3916 sat
458 3877 506 3930 pro
531 3865 567 3916 er't
584 3860 629 3913 Ba.
676 3861 722 3930 14)
747 3860 828 3928 Apoc.
853 3858 879 3924 2,
898 3858 923 3911 5.
966 3857 1011 3919 15)
1036 3857 1073 3909 lta
1091 3856 1131 3908 W.

111 3948 211 4002 llebed.
235 3947 290 4002 Bab
315 3958 341 4004 st
364 3950 459 4018 antiqq.
485 3948 545 4000 edd.
569 3965 592 4001 c.
616 3947 713 4000 lirasnn
740 3947 832 4000 Manat.
857 3954 934 4014 atque
958 3943 1056 3996 llorell.
1097 3947 1134 3998 Se

113 4045 173 4092 enta
189 4040 308 4109 decipiat
331 4039 466 4092 invexerat
485 4025 592 4090 Gravius
618 4051 727 4106 eumque
749 4039 830 4090 secuti
853 4042 911 4089 sunt
927 4032 1022 4087 Pamel.
1041 4030 1134 4101 Rigalt.

873 4132 928 4200 δῦ
