2872 4806
806 449 849 515 36

318 607 381 672 mr
399 607 577 696 prome,
601 605 745 689 men,
770 611 896 687 omre,
918 606 1044 690 tout,
1068 605 1248 688 omrai,
1266 623 1332 687 n-

318 723 459 787 rentibua
482 725 566 787 dicto
588 723 805 800 inaudienter,
829 726 966 805 inyruti,
988 724 1086 804 inpii,
1109 724 1178 786 sine
1196 722 1332 803 adfectu,-

317 840 386 900 rr‘ne
405 839 551 919 foedere,
581 837 756 912 delatores,
780 838 1021 915 incontinentes,
1051 838 1191 914 inaniter,
1221 835 1332 900 bonnm

317 970 380 1014 non
401 961 558 1029 ementes,
577 953 772 1032 proditores,
791 971 959 1032 procaces,
982 961 1109 1034 stupore
1129 948 1247 1029 inlloti,
1270 970 1331 1014 eo-

292 1066 452 1146 eluptotce
474 1067 590 1148 mopie,
614 1085 707 1146 quum
729 1067 819 1128 deum
841 1067 1025 1149 ditiyentee,
1050 1065 1198 1130 babentes
1220 1065 1331 1146 desor-

316 1183 479 1244 motioncm
512 1182 690 1262 rctipienis,
721 1184 865 1245 uirtutem
895 1191 997 1244 cutem
1028 1183 1096 1244 eius
1132 1181 1330 1260 abnepomes.

315 1294 368 1356 Ec
389 1289 484 1378 tw)
506 1303 578 1356 sunt
599 1297 654 1375 qni
676 1304 788 1374 repunt
809 1296 842 1357 in
863 1297 971 1359 densos
993 1303 1023 1358 et
1039 1295 1237 1376 proedontur
1258 1311 1330 1354 ont-

316 1409 464 1471 liercules
486 1417 635 1471 oneratas
652 1410 813 1490 peccetis,
838 1429 919 1490 quoe
941 1412 1098 1472 ducuntur
1118 1410 1220 1472 uariis
1240 1407 1330 1470 deri-

315 1523 433 1600 deriis,
457 1543 576 1603 semper
599 1523 753 1584 discentes
776 1531 806 1585 ct
820 1542 986 1603 numquam
1007 1526 1052 1586 od
1065 1525 1228 1586 scientium
1241 1521 1329 1584 oeri-

275 1668 301 1711 40
315 1637 390 1699 totis
422 1637 644 1716 pervenientes.
688 1634 730 1696 Et
760 1637 912 1714 quomodo
942 1635 1057 1698 lennes
1069 1631 1097 1708 ⁹)
1119 1644 1151 1697 et
1176 1633 1331 1697 llmnbres

312 1751 493 1811 restiterunt
515 1749 633 1828 Moysi,
655 1749 704 1810 sic
726 1757 757 1810 et
776 1751 810 1812 tri
832 1750 983 1811 resistunt
1011 1751 1159 1824 ueritati;
1189 1751 1247 1813 red
1267 1768 1331 1813 non

310 1863 473 1943 proficient
499 1863 674 1943 plurimum.
727 1863 880 1943 Imperitia
915 1865 996 1926 enim
1028 1884 1133 1928 eorum
1161 1864 1330 1944 manifesto

381 2043 410 2108 8)
428 2043 465 2094 lte
476 2043 516 2094 W.
530 2041 603 2094 blabc
622 2053 648 2095 et
659 2042 723 2108 Dah,
741 2060 778 2096 en
795 2046 851 2098 tuiis
863 2043 904 2095 lld
923 2044 984 2096 οιΑ
1001 2061 1024 2096 c.
1043 2045 1084 2096 ed.
1098 2041 1221 2096 Daveutr.
1253 2041 1329 2112 vulg.

310 2149 347 2186 en
361 2135 405 2185 iis.
424 2130 540 2183 Proxime
555 2148 604 2200 qne
619 2130 789 2200 reponenti
810 2128 875 2183 Dein
888 2135 980 2185 domoc
990 2135 1131 2186 nidum·
1141 2131 1181 2182 lld
1195 2139 1222 2183 et
1239 2145 1330 2182 exem-

309 2220 388 2289 plnrie
407 2228 466 2270 ante
486 2218 577 2269 blnnut.
596 2219 665 2286 typis
683 2223 822 2286 exscripta,
841 2221 901 2270 item
919 2217 1033 2283 llorell.;
1060 2223 1206 2274 uiduarum
1223 2235 1239 2270 ι
1256 2235 1277 2270 r.
1295 2233 1330 2269 m.

309 2311 335 2360 in
353 2325 403 2376 mg.
422 2307 500 2359 babet
517 2306 564 2358 lle.
601 2304 659 2360 llox
678 2311 819 2360 bennatus
836 2305 948 2358 scribunt
967 2306 1034 2358 llad.
1071 2305 1133 2358 Tum
1155 2309 1283 2360 dicuntum·
1297 2333 1327 2342 -

310 2425 345 2434 -
362 2398 479 2448 dieentes
502 2392 668 2446 mendenen.
705 2393 733 2458 9)
752 2392 788 2444 Ita
808 2393 866 2446 Ver.
887 2393 926 2446 W.
945 2393 1001 2457 ldb,
1024 2396 1085 2446 item
1113 2394 1172 2445 edd.
1192 2392 1284 2444 Venet.
1303 2393 1329 2444 2.

311 2481 386 2534 Grau.
405 2488 431 2531 et
449 2479 562 2541 llorell.;
587 2482 693 2532 lemnes
711 2479 769 2530 lllad
788 2488 814 2531 et
832 2479 886 2532 Dab
905 2481 1106 2549 conspirantibus
1125 2481 1184 2532 edd.
1204 2477 1330 2530 Darentr.

310 2568 400 2619 Remb.
419 2566 517 2618 Erasm.
535 2565 629 2620 llanut.
648 2566 742 2618 Pemel.
761 2566 819 2636 tttg.
838 2567 919 2620 Onon.
933 2568 1019 2620 Dnlun
1032 2567 1137 2632 Goldb.;
1158 2571 1271 2622 lomnes
1290 2564 1330 2630 A,

310 2657 417 2708 Dorrnea
444 2651 503 2702 edd.
528 2649 572 2702 SP.
598 2660 624 2703 et
648 2651 739 2706 Venet.
766 2652 804 2717 1.;
830 2655 946 2707 mounes
971 2657 1006 2719 (t
1031 2655 1056 2706 in
1081 2656 1143 2718 ras.)
1172 2653 1219 2706 llc.
1264 2651 1332 2705 Dein'

311 2744 445 2810 Mompres
463 2739 502 2792 W.
540 2739 627 2790 Statim
645 2744 806 2795 resisterunt
823 2739 872 2791 llb.
903 2738 964 2790 Tum
983 2742 1053 2793 Mori
1070 2739 1110 2790 W.
1146 2739 1195 2790 Pro
1213 2743 1257 2793 aie
1270 2739 1329 2790 Ver.

311 2832 356 2881 ito.
389 2825 455 2878 Dein
472 2830 511 2881 trit
529 2825 586 2878 bled
606 2836 631 2878 et
648 2827 671 2879 Α
690 2844 712 2880 c.
731 2827 773 2879 cd.
793 2824 914 2879 Dnventr.
934 2834 960 2877 et
978 2829 1105 2880 resistent
1116 2825 1157 2878 W.
1171 2825 1238 2878 llud.
1269 2825 1331 2878 Post

311 2917 417 2967 ceritati
435 2915 460 2964 in
479 2911 518 2963 llb
547 2917 718 2983 superscripta
742 2915 811 2968 abr.
831 2931 862 2966 m.
882 2923 940 2966 sunt
961 2913 1039 2965 baec:
1065 2918 1184 2967 tornines
1210 2915 1331 2982 corrupti

311 3019 410 3066 senen,
428 3006 532 3071 reprobi
553 3009 627 3056 circo
645 3007 727 3073 pidem.
763 3003 902 3055 nduotnnit
919 3001 1054 3054 Beluzius:
1082 3000 1207 3065 „Additur
1223 3002 1249 3051 in
1269 2999 1329 3052 edi·

312 3088 393 3153 tione,
420 3106 486 3158 quae
511 3089 602 3142 dicitur
619 3089 703 3142 Gravll
721 3094 840 3145 beminen
859 3094 979 3159 corrupti
1000 3105 1100 3152 senen,
1125 3091 1231 3157 reprobi
1256 3091 1330 3140 circu

311 3180 393 3245 tidem.
430 3177 481 3229 Sed
501 3193 550 3246 ego
572 3178 614 3229 illa
632 3180 659 3230 in
679 3179 749 3230 nullo
775 3193 862 3229 eorum
886 3185 1001 3228 veterum
1026 3173 1208 3244 exemplarium
1234 3175 1328 3240 reperi,

313 3262 401 3332 quibus
420 3272 484 3318 utor.
520 3266 618 3318 Desunt
637 3269 713 3319 etiem
734 3268 759 3318 in
781 3265 931 3334 quibusdam
951 3263 1094 3332 Anglicunis
1119 3271 1145 3314 et
1168 3263 1193 3312 in
1220 3261 1328 3329 antiquis

314 3351 474 3417 editionibus,
495 3370 577 3422 eaque
596 3355 736 3406 desiderari
756 3356 780 3404 in
799 3353 982 3421 manuscriptis,
1001 3359 1107 3419 excepte
1125 3348 1282 3411 Coloniensi,
1303 3354 1330 3398 et

313 3440 338 3489 in
358 3441 456 3491 excusis
474 3443 587 3494 omnibus
604 3451 710 3495 testatur
728 3441 862 3505 Pemeliua,
882 3441 925 3508 qui
944 3438 1014 3490 addit
1033 3455 1065 3490 ea
1083 3439 1163 3489 omitti
1182 3439 1295 3502 potuisse
1314 3449 1330 3484 n

313 3526 447 3593 Cypriane.
479 3529 536 3581 Scio
555 3546 616 3581 sane
635 3530 676 3581 illa
694 3529 781 3580 haberi
799 3529 825 3578 in
843 3526 948 3594 epistole
967 3524 1078 3578 secunda
1095 3524 1167 3576 Pauli
1185 3523 1217 3574 ad
1237 3521 1328 3574 Timo·

311 3613 406 3669 theum.
443 3615 494 3667 Sed
518 3634 568 3670 nou
593 3618 651 3669 ideo
676 3632 782 3669 neccsse
809 3623 849 3667 est
872 3623 899 3666 ut
923 3622 1050 3683 ponantur
1075 3615 1100 3665 in
1127 3619 1246 3664 contextu
1273 3608 1329 3677 Gy·

313 3706 402 3771 priani,
422 3720 479 3756 curn
496 3720 547 3755 non
566 3713 665 3756 exstent
683 3705 707 3754 in
727 3704 833 3770 antiquis
851 3702 1032 3769 exemplaribus
1049 3700 1250 3752 lucubrationum
1262 3697 1326 3750 eius.

204 3851 206 3858 Ι
314 3789 404 3858 Neque
424 3793 489 3841 enim
507 3791 551 3843 ille
569 3808 670 3859 semper
688 3789 808 3842 describit
828 3791 925 3858 integre
943 3788 1011 3855 loca,
1030 3805 1095 3858 quae
1114 3787 1208 3855 accipit
1225 3802 1257 3838 ex
1269 3785 1327 3851 cpi-

315 3878 386 3929 rtolis
404 3878 474 3929 Pauli
494 3888 520 3930 et
537 3879 661 3931 interdum
679 3878 804 3947 quaedem
822 3877 907 3941 addit,
930 3893 996 3945 quae
1019 3877 1045 3927 in
1066 3875 1113 3926 illis
1132 3889 1181 3926 non
1201 3873 1327 3925 exstant.“

316 3991 350 4002 -
369 3962 520 4033 comparent
543 3982 605 4018 sane
626 3967 673 4018 ista
693 3964 771 4017 verba
789 3966 814 4016 in
835 3964 876 4017 ed.
895 3963 1016 4016 Deventr.
1052 3963 1181 4031 Deinceps
1199 3961 1250 4014 duo
1269 3958 1327 4012 libri

316 4049 398 4103 ltulici
415 4052 534 4105 exhibent
551 4057 598 4115 aed
615 4057 686 4109 ultra
705 4061 731 4106 et
748 4052 781 4104 W
802 4069 824 4106 e.
843 4051 900 4105 llbe
918 4055 1067 4123 proficiunt.
1313 4039 1317 4054 ⁴
