2872 4806
771 457 793 514 Χ

275 620 416 702 leguntur
453 618 545 682 haee:
586 616 727 700 „Emptos
764 617 814 680 hio
849 615 927 679 liber
962 633 1018 698 per
1054 635 1103 681 me
1135 617 1296 682 Iohannem

276 741 402 806 'Iroster
434 741 638 823 praepositum
661 741 853 804 Matieensem
867 737 906 824 ⁴⁵)
929 739 1060 803 Venetiis
1090 759 1107 805 a
1136 739 1296 804 CartaIario

277 865 408 948 Caspare
433 883 514 928 anno
538 863 648 928 domini
671 862 764 930 1462.
786 865 887 927 ultima
902 863 977 927 Iunii
998 882 1055 944 pro
1075 864 1135 927 XII.
1152 864 1294 928 ducatis.“

278 989 347 1052 Alia
370 1005 474 1050 manus
497 1005 593 1069 eaque
616 989 768 1052 recentior
791 987 942 1070 apposuit:
968 987 1075 1065 „Dedit
1096 987 1143 1052 Jo.
1167 987 1295 1050 Mendi.“

360 1111 423 1174 Fol.
446 1130 489 1193 pr.
513 1129 577 1174 vao.
601 1117 736 1174 notatur:
767 1110 847 1189 „Ion
871 1109 996 1173 rrosaer
1025 1117 1055 1173 et
1076 1109 1138 1174 Ioh.
1163 1109 1294 1190 Mendai,

279 1235 366 1297 ambo
390 1233 531 1296 Canonioi
553 1233 807 1312 Ratisbonenses‚
841 1233 961 1316 cognati
993 1238 1023 1294 et
1053 1234 1139 1297 ambo
1167 1231 1297 1297 Ambar-

278 1373 390 1442 gensos
414 1356 492 1418 hunc
515 1355 620 1418 librum
636 1355 826 1438 epistolarum
842 1355 874 1416 B.
898 1353 1040 1438 Cypriani
1054 1354 1297 1438 CarthagInensis

280 1487 310 1542 et
331 1477 634 1563 martyrisdonarunt
656 1478 743 1540 ambo
760 1477 796 1540 ad
813 1478 1024 1541 monasterium
1042 1478 1220 1561 Tegernsee
1241 1495 1298 1561 pro

276 1601 374 1666 studio
407 1609 438 1662 et
470 1601 692 1693 emendatione.
709 1601 822 1665 codicis
854 1621 932 1665 anno
966 1599 1058 1666 1472.
1084 1603 1132 1666 die
1162 1603 1298 1684 proxima

280 1724 425 1787 dominica
447 1731 624 1807 pentecost,
646 1730 679 1786 ut
701 1723 789 1786 deum
811 1741 867 1806 nro
892 1727 937 1786 ais
959 1727 1075 1788 orent.“

370 1845 432 1908 Fol.
459 1844 495 1925 1,
527 1852 622 1908 aest
653 1847 711 1909 hoo
738 1847 860 1910 lemma:
895 1847 999 1910 HAEC
1029 1847 1121 1933 (sic).
1151 1848 1298 1914 INSVNI'.

281 1968 528 2032 AEPISTVLAE.
553 1968 702 2031 CAECILI
725 1967 784 2053 (ita
806 1990 822 2032 a
845 1989 882 2032 m.
906 1991 960 2053 pn,
984 1991 1000 2033 a
1023 1991 1085 2034 seo.
1110 1969 1298 2054 eruditu).

282 2090 457 2154 CYPRIANI
480 2090 647 2153 NVMERO.
667 2090 754 2152 LXX.
778 2091 921 2154 INCIPIT.
946 2093 1062 2156 PRIMA
1085 2093 1147 2156 ΑΙ).
1172 2092 1297 2156 DONA-

281 2215 369 2277 TVM.
422 2214 592 2295 Sequuntur
623 2214 731 2276 deiude
763 2216 907 2296 opuscula
940 2215 978 2277 de
1009 2216 1110 2278 habitu
1142 2217 1299 2298 virgiuum,

280 2336 445 2418 delapsis,
477 2337 515 2398 de
546 2336 710 2398 catholIoae
742 2338 890 2400 ecclesiae
921 2339 1049 2415 unitate,
1082 2337 1120 2400 de
1154 2337 1298 2400 dominica

280 2463 432 2540 oratione,
464 2459 502 2522 de
531 2461 725 2539 mortalitate,
763 2461 801 2522 de
832 2479 925 2541 opere
956 2468 986 2522 et
1015 2460 1232 2543 eleemosynis,
1263 2458 1299 2520 ad

280 2584 517 2663 Demetrianum‚
542 2583 580 2644 de
603 2585 759 2664 patientta,
783 2585 822 2646 de
843 2585 911 2646 zelo
935 2591 964 2647 et
986 2585 1101 2662 livore,
1128 2584 1164 2646 ad
1188 2586 1298 2647 Fortu-

280 2715 399 2786 natum,
432 2707 470 2768 ad
494 2707 647 2780 Quirinum
672 2709 737 2770 iibri
760 2726 885 2770 numero
908 2714 989 2786 tres,
1019 2707 1056 2768 ad
1080 2708 1240 2770 CaeoiIIum
1263 2706 1300 2768 de
1398 2704 1400 2707 ’

280 2837 467 2892 sacramento
492 2831 629 2893 dominici
653 2832 763 2911 calicis
786 2849 893 2914 magna
916 2848 986 2912 pars
1002 2830 1203 2911 epistolarum,
1227 2829 1301 2891 liber

280 2953 398 3034 spurius
422 2952 460 3014 de
483 2954 671 3034 spectaculis,
695 2955 789 3015 Pontii
812 2955 872 3015 vita
897 2959 927 3013 et
948 2953 1049 3034 passio
1066 2953 1145 3015 beati
1162 2951 1300 3036 Cypriani

280 3076 428 3158 martyris
486 3076 598 3149 Quibus
626 3075 775 3138 adduntur
803 3076 912 3154 scripta
943 3074 1089 3136 subditiva
1117 3075 1155 3138 de
1185 3074 1300 3136 duobus

281 3200 446 3279 montibus,
479 3199 517 3261 do
544 3207 643 3262 monte
666 3199 735 3264 Sina
762 3205 792 3260 ot
816 3197 887 3261 Sino
921 3197 1067 3260 adversus
1090 3199 1234 3276 Iudaeos,
1264 3194 1300 3258 ad

282 3323 421 3405 Vigilium
461 3324 633 3404 episcopum
673 3321 711 3382 de
749 3319 864 3382 Iudaica
902 3319 1108 3383 incredulitate
1143 3329 1174 3382 et
1207 3334 1301 3380 coena

269 3443 310 3508 'S.
334 3443 473 3528 Cypriani
496 3452 590 3524 mart,
616 3445 685 3506 item
709 3443 849 3505 versiculi
873 3441 983 3504 domini
1006 3444 1133 3508 IoannIs.

286 3615 288 3620 .
369 3566 528 3630 correctus
558 3573 604 3629 est
635 3567 683 3628 hio
713 3567 788 3628 liber
816 3566 925 3646 passim
957 3569 1035 3631 Inter
1069 3586 1177 3632 versus
1212 3572 1241 3628 et
1272 3566 1301 3627 in

288 3721 486 3734 m

347 3795 374 3860 *I
391 3795 450 3846 Fuit
467 3794 635 3846 Trosterus
654 3793 758 3846 Aeneae
771 3793 851 3860 Sylvii
865 3794 1002 3864 discipulus
1023 3807 1049 3850 et
1068 3799 1201 3851 familiaris
1220 3798 1297 3864 inque

284 3883 373 3934 studiis
404 3883 565 3933 humanitatis
595 3891 620 3934 et
650 3881 790 3933 litterarum
826 3887 1019 3938 versatissimus.
1075 3887 1130 3939 Vid.
1168 3883 1301 3938 sebast.

283 3967 462 4022 Giinthner.
484 3971 509 4020 in
528 3969 602 4035 libro,
622 3971 664 4038 qui
685 3971 840 4022 inscribitur:
860 3969 990 4040 dteitbidue
1008 3977 1046 4029 tet
1065 3973 1231 4042 litterariidaeu
1249 3970 1301 4026 diu·

283 4057 410 4125 deiterata
429 4057 524 4120 Qatnu
543 4057 612 4112 Tam.
631 4057 672 4113 lII.
691 4075 715 4130 p.
737 4057 770 4109 13
787 4075 825 4134 sq.
844 4069 871 4116 ot
891 4061 939 4114 137
958 4079 996 4134 sq.
