2874 4806
577 417 639 491 187
753 427 756 434 ’

102 585 222 662 postte
244 580 361 662 uades,
391 579 625 666 concupiscendi
645 579 796 646 libidinem
817 581 947 662 munies,
976 579 1117 666 sperandi

103 695 438 776 inneneuuendiun,
462 704 510 776 ut,
534 697 590 760 etsi
612 696 676 778 ipse
699 715 760 761 non
781 715 901 778 pereas,
923 697 997 762 elios
1020 703 1117 760 umen

102 809 210 890 perdas
241 815 271 872 et
302 811 384 874 vetut
406 810 535 894 gladium
558 817 589 874 te
611 817 641 874 et
662 828 812 875 venenum
834 809 1004 874 videntibus
1024 827 1118 891 prse-

103 924 182 1004 bens,
208 925 347 988 excusari
369 911 549 1007 non'potes,
573 925 657 1007 quusi
679 933 779 990 mente
801 930 883 990 ceste
898 925 939 988 sis
956 930 986 986 et
1000 922 1116 1006 pudice.

80 1037 265 1124 nRederguit
281 1035 319 1117 ¹²)
346 1044 376 1102 te
398 1038 495 1102 cultus
517 1039 661 1120 inprobus
685 1045 715 1102 et
737 1039 893 1121 inpudicus
909 1043 1041 1117 ometus,
1063 1054 1120 1102 nec

104 1153 258 1234 conputari
280 1151 337 1214 iem
359 1157 445 1232 potes
468 1152 546 1214 inter
568 1138 685 1234 puellas
705 1159 735 1214 et
758 1152 890 1235 virpn'nes
911 1150 1019 1214 Christi
1042 1167 1121 1230 quae

104 1265 145 1330 sic
166 1267 255 1346 vivis,
279 1271 311 1329 ut
332 1266 431 1347 possis
455 1265 592 1329 adamari.

569 1461 660 1532 viu.

189 1605 383 1689 Locupletem
406 1612 436 1668 te
459 1603 533 1670 dicis
555 1612 585 1669 et
607 1605 738 1670 divitem.
784 1605 843 1670 Sed
866 1605 977 1670 incure
1006 1604 1122 1670 divitias

106 1737 172 1784 sues
185 1719 211 1800 ¹)
235 1721 383 1805 virginem
404 1739 466 1786 non
489 1721 585 1802 decet,
610 1699 677 1785 curn
700 1721 779 1786 dicct
800 1723 946 1804 scripture
964 1719 1121 1802 divine²):

75 1830 188 1908 roOuid
211 1834 304 1896 nodis
323 1823 452 1913 profuit
471 1832 636 1916 superbio,
672 1842 729 1898 oct
758 1835 835 1915 quid
865 1835 1047 1898 divitiorum
1068 1836 1122 1898 tn·

109 1949 199 2012 ctotio
225 1949 356 2016 contudit
377 1948 468 2012 nobis
484 1946 523 2026 ³),
548 1935 742 2013 monsteront
763 1949 868 2012 monio
889 1949 946 2012 illo
969 1957 1122 2032 tompoom

107 2061 231 2141 umbro,
261 2070 291 2126 et
314 2063 465 2146 apostolus
487 2078 605 2127 rursum
627 2069 749 2126 moneat
776 2067 806 2124 et
836 2059 968 2138 dicet⁴):
999 2062 1041 2125 Et
1069 2065 1123 2144 poi

108 2155 216 2240 emunt·
238 2179 285 2240 sto
314 2179 380 2240 sint
408 2179 500 2260 quasi
529 2196 592 2241 non
621 2177 821 2258 possidentes
837 2174 881 2254 ⁵),
918 2185 948 2238 et
979 2179 1032 2258 qui
1066 2177 1124 2240 doc

173 2419 218 2488 12)
241 2403 436 2490 asumpserit.
455 2418 486 2471 Δ.
523 2418 585 2471 Tum
605 2423 684 2474 cuttet
701 2381 866 2489 improprius
883 2419 921 2485 n;
943 2413 1073 2491 torruisse
1098 2431 1122 2477 st

106 2509 255 2578 impudicus
271 2507 313 2573 W,
332 2512 469 2578 improbem
487 2518 512 2562 et
530 2512 619 2579 inpud.
637 2507 705 2560 usn.
741 2505 841 2559 Deinde
858 2525 907 2562 mec
925 2524 941 2559 e
958 2525 992 2562 rte
1010 2523 1075 2563 corr.
1087 2509 1121 2562 el.

107 2644 137 2680 nr.
154 2631 179 2680 in
196 2629 240 2682 W.
277 2629 366 2682 Stetim
392 2615 540 2701 computo„
562 2631 602 2699 (ri
625 2646 639 2682 a
666 2645 730 2682 corr.
751 2647 783 2683 m.
803 2631 942 2698 superscr.)
968 2635 1022 2686 ione
1038 2642 1124 2702 potest

108 2713 179 2768 hebet
202 2717 259 2782 Mc,
286 2721 424 2784 conputari
447 2722 501 2772 inm
523 2721 625 2788 potoris
643 2715 684 2769 Fr.
706 2715 787 2770 Emm.
807 2717 849 2782 2.;
872 2722 973 2788 poteris
998 2721 1075 2772 etism
1093 2718 1121 2774 B.

108 2799 133 2854 ln
150 2804 190 2858 fin.
208 2809 277 2860 vicit
295 2813 325 2859 nt
341 2808 429 2874 possit
446 2803 495 2870 Mc,
515 2815 539 2858 et
556 2809 650 2886 possis
668 2820 706 2872 pr.
725 2804 765 2857 W⁴

172 2889 237 2944 vui.
267 2889 294 2957 1)
313 2908 382 2945 sose
401 2907 450 2943 om.
463 2893 493 2943 Α.
525 2892 587 2944 Voc.
605 2895 735 2965 cirpinem
754 2891 786 2943 ab
806 2893 855 2944 alie
875 2908 956 2961 euque
974 2893 1031 2944 rudi
1049 2909 1124 2945 manu

108 2972 180 3029 hebet
197 2977 240 3030 W.
289 2978 318 3047 2)
337 2979 449 3048 Sapient.
468 2980 500 3044 5,
519 2979 543 3032 8.
591 2977 619 3044 3)
643 2983 721 3034 nodie
745 2995 929 3048 superscraex
953 2997 1017 3034 corr.
1039 2983 1064 3032 in
1083 2981 1124 3035 W.

109 3060 203 3119 Deinde
232 3070 281 3120 itta
305 3070 393 3121 omerio
417 3067 538 3119 exhibent
560 3067 622 3120 editi
647 3078 706 3120 ente
725 3066 819 3120 Manut.
838 3083 936 3133 omues,
954 3071 1002 3121 tue
1022 3082 1071 3120 om.
1090 3067 1123 3120 Α.

111 3145 162 3202 Mox
179 3171 283 3210 rursus
301 3154 414 3207 scribunt
426 3155 510 3210 Mbcd.
525 3154 555 3208 Α.
586 3155 676 3208 Statim
694 3166 797 3210 moneat
814 3164 934 3208 mutatum
953 3156 978 3207 in
995 3165 1081 3209 monet
1099 3157 1124 3210 iu

27 3273 30 3278 ,
630 3264 641 3298 s

111 3309 162 3362 cod.
180 3311 231 3365 ub.
276 3314 306 3381 4)
325 3331 356 3367 cc
373 3317 443 3367 dicat
461 3314 509 3366 Me.
528 3315 558 3380 Β,
580 3316 651 3369 dicut
669 3313 718 3367 Mb.
754 3313 811 3364 Vid.
832 3312 855 3366 1.
876 3311 933 3365 Cor.
953 3311 978 3376 7,
998 3310 1123 3363 30-31.

112 3393 137 3460 5)
154 3394 191 3449 lte
208 3398 250 3452 W.
268 3399 349 3454 diecd.
367 3398 397 3454 B.
416 3400 438 3452 Α
458 3409 485 3454 ct
503 3401 560 3454 edd.
579 3383 639 3453 ente
657 3400 802 3465 Rutunium,
826 3403 869 3470 qui
887 3407 945 3468 post
962 3399 1058 3451 verbs:
1087 3401 1122 3452 ΕΙ

112 3487 153 3549 qui
169 3497 256 3540 emunt
273 3491 315 3542 sio
334 3491 390 3542 sint
407 3503 422 3538 c
441 3488 515 3540 codd.
534 3485 674 3539 Pithoeeno
694 3495 719 3538 ct
738 3485 920 3540 Gembronensi
946 3486 1122 3554 interpolatis-

112 3570 171 3622 simo
195 3573 292 3626 eddidit
309 3578 388 3645 quasi
404 3587 456 3628 noo
474 3585 586 3630 eruentes
610 3583 634 3628 et
653 3577 698 3643 prii
715 3577 860 3644 possident.
905 3571 988 3624 Habet
1005 3572 1070 3624 heco
1092 3587 1123 3622 ex

114 3659 171 3708 meis
187 3658 256 3712 libris
275 3662 343 3714 solus
361 3661 411 3727 Mb,
430 3663 475 3731 qni
492 3661 640 3714 melioribus
657 3676 708 3712 non
727 3668 767 3713 est
786 3661 976 3725 accensendus,
996 3660 1079 3712 ethic
1098 3667 1124 3711 et

114 3743 137 3794 in
154 3744 180 3798 L.
199 3747 240 3801 ΠΙ.
260 3751 291 3802 ed
311 3751 405 3815 Quirin.
425 3767 446 3803 c.
469 3751 508 3802 11.
527 3767 552 3819 p.
573 3747 631 3802 307.
678 3749 728 3802 Sed
746 3747 787 3802 W.
806 3747 826 3800 B
845 3756 871 3801 et
889 3748 943 3814 Mc,
963 3749 1005 3816 qui
1023 3754 1126 3815 praeter

115 3827 153 3881 Mb
165 3831 213 3888 h'oc
226 3835 342 3906 Cypriani
354 3854 419 3906 opus
437 3840 577 3903 continent,
595 3838 731 3889 uovmsimo
750 3852 853 3906 quoquc
871 3834 929 3888 loco
948 3835 1124 3887 adsumentum

114 3917 176 3974 istud
194 3940 245 3978 non
262 3936 410 3996 agnoscunt.
446 3927 495 3980 Pro
515 3930 685 3996 possidentes
706 3925 813 3979 Grauius
837 3925 938 3992 scripsit
959 3925 1125 3991 possideant.

116 4002 177 4062 Dein
199 4023 229 4068 ut
253 4018 298 4089 qui
323 4014 401 4072 hebet
418 4019 441 4070 Δ
459 4022 485 4067 et
508 4023 621 4070 munstur·
644 4017 693 4068 doc
717 4017 813 4068 mundo
832 4011 881 4088 did.
917 4009 1033 4062 Proxime
1056 4011 1126 4065 atim
