2874 4806
584 423 647 490 12⁷

98 581 241 662 quoniam
273 580 382 646 iemina
413 582 469 643 viri
497 582 595 664 portio
626 589 673 646 est
703 589 732 646 et
762 600 802 644 ex
832 601 868 646 eo
891 590 1006 665 sumpta
1029 552 1117 664 atoue

96 694 224 758 formata
250 701 311 774 est,
344 696 373 759 in
407 697 561 778 scripturis
593 695 657 758 fere
686 698 822 760 omnibus
845 697 882 760 ad
904 695 1117 779 protoplastum

96 809 170 872 deus
194 809 339 890 quuitur,
366 810 434 890 quia
456 817 525 872 sunt
547 810 606 874 duo
631 812 661 874 in
684 829 855 874 carneuna
879 818 910 873 et
931 812 962 874 ia
985 810 1116 876 masculo

95 922 181 986 simad
205 922 391 1005 significetur
415 931 445 986 et
467 922 584 988 femina.

580 1124 637 1189 1v.

71 1275 110 1322 δ’
181 1269 273 1343 Quod
304 1269 329 1332 si
346 1267 373 1348 ¹)
400 1268 546 1333 Christum
578 1269 760 1332 continentia
791 1269 927 1348 sequitur
957 1273 987 1330 et
1018 1283 1114 1348 regno

94 1382 142 1445 dei
174 1385 333 1467 virginitas
367 1373 549 1463 destinatur,
584 1384 655 1464 quid
671 1382 698 1459 2)
731 1389 777 1444 est
806 1383 863 1444 illis
896 1399 962 1444 cum
994 1389 1115 1444 terreno

94 1494 175 1557 cultu
199 1501 320 1557 etcum
344 1497 542 1573 ornamentis,
574 1497 682 1577 quibus
711 1495 779 1558 dum
801 1495 970 1558 homiuibus
993 1495 1114 1576 placere

94 1611 244 1694 gestiunt,
283 1609 368 1673 deum
403 1609 570 1688 offendunt,
602 1629 663 1672 non
699 1611 864 1694 cogitantes
893 1627 961 1672 esse
993 1607 1116 1692 praedi-

95 1729 170 1786 ctum
190 1720 235 1802 ³):
263 1723 323 1799 Qut
342 1721 370 1804 4)
393 1725 569 1789 hominibus
595 1727 723 1803 placent
753 1723 877 1802 confusi
909 1732 1000 1800 scot,
1036 1743 1116 1803 pso·

61 1840 179 1900 ioniam
203 1841 284 1900 deus
310 1838 390 1902 ninii
413 1840 492 1920 fecit
519 1840 608 1914 illos,
641 1845 670 1900 et
692 1837 811 1901 Paulum
836 1855 957 1926 quoque
979 1837 1115 1920 gloriose

97 1958 125 2014 et
161 1953 329 2016 sublimiter
366 1950 572 2034 praedicasse:
618 1951 652 2012 st
689 1952 862 2014 dominibus
887 1947 912 2028 5)
945 1951 1114 2030 placerem,

99 2065 217 2129 Christi
244 2087 355 2131 servas
379 2087 443 2131 oca
466 2053 589 2132 essens.v
618 2066 804 2130 Continentia
826 2082 900 2128 vero
925 2071 954 2126 et
976 2063 1115 2146 pudicitia

97 2197 155 2242 non
170 2183 200 2243 in
217 2180 283 2244 sola
299 2183 397 2244 carnis
413 2182 581 2264 integritate
597 2181 743 2259 consistit,
765 2179 819 2242 sed
830 2175 857 2255 6)
874 2180 961 2241 etiam
976 2179 1005 2240 in
1022 2178 1116 2240 cultus

98 2301 126 2356 et
148 2303 273 2357 ornatus
295 2293 411 2358 honore
433 2295 545 2376 pariter
567 2311 601 2355 ac
624 2292 755 2374 pudore,
786 2299 817 2354 ut
849 2291 1012 2355 secundum
1036 2310 1116 2372 apo-

65 2409 203 2472 ttstoium
229 2428 307 2492 quae
330 2409 449 2490 innupta
474 2414 520 2470 est
543 2413 644 2470 sancta
664 2409 705 2468 'sit
728 2414 758 2469 et
781 2424 910 2487 corpore
944 2413 973 2467 et
1003 2406 1116 2487 spiritu.

97 2520 217 2586 Instruit
234 2517 260 2600 7)
295 2530 325 2586 et
354 2522 441 2586 docet
473 2523 592 2586 dicens:
626 2521 754 2583 Cnetebs
768 2514 795 2596 8)
831 2521 949 2599 copitnt
979 2540 1016 2581 ea
1039 2539 1118 2600 patae

562 2739 589 2774 sa

168 2795 209 2847 IV.
241 2794 269 2862 1)
288 2797 342 2862 Qui
364 2796 391 2847 ei
410 2791 446 2857 Α,
471 2794 539 2862 quod
563 2794 604 2845 sic
623 2788 663 2839 W.
707 2789 737 2854 2)
758 2792 826 2858 quod
850 2798 890 2841 cst
914 2805 952 2857 pr.
972 2788 1020 2840 ttb.
1057 2788 1117 2841 Post

100 2886 171 2938 cuttu
190 2885 233 2936 od.
255 2882 376 2934 Daventr.
396 2896 445 2931 om.
464 2889 496 2933 ct.
532 2877 559 2929 In
577 2893 649 2944 seqq.
670 2885 751 2928 exstat
775 2879 908 2930 dominam
934 2878 1066 2944 offendunt
1093 2876 1118 2925 ia

100 2968 154 3022 edd.
174 2979 234 3022 ante
248 2969 342 3022 Enout.
356 2967 481 3032 omnibus,
501 2967 561 3018 item
574 2967 599 3015 in
613 2964 711 3015 MoreII.
748 2963 776 3028 3)
790 2962 881 3015 Psalm.
896 2962 939 3027 52,
954 2962 978 3015 6.
1014 2963 1119 3030 Itquiu
1180 2975 1183 2984 ·

100 3061 143 3125 qan'
160 3058 188 3110 B.
225 3056 284 3110 IIon
302 3056 342 3110 IIc
360 3062 423 3128 qaia
442 3069 487 3122 pro
508 3057 638 3124 quostiam.
675 3051 737 3102 Tum
755 3048 903 3114 strictim,
923 3049 1058 3116 statimque
1072 3064 1118 3100 ecs

99 3158 143 3210 pro
166 3150 231 3200 ilios
256 3145 313 3197 Iibri
338 3141 588 3196 arremarensem
613 3156 634 3191 c.
656 3138 752 3190 IIIoreII.
788 3138 854 3189 Dein
880 3135 939 3188 edd.
959 3143 1016 3186 ante
1043 3132 1117 3186 Grar.

102 3239 125 3281 et
142 3233 289 3286 IIoreIIinnn
313 3231 432 3284 exhibent
453 3233 557 3284 Paulus
582 3245 682 3298 quoque
701 3259 733 3268 ψ
750 3228 912 3293 praedicans
936 3226 1008 3277 dicit.
1046 3219 1117 3274 Coni.

101 3337 198 3389 puopus
222 3338 271 3372 om.
290 3319 321 3372 Α.
363 3319 421 3370 Mox
444 3320 636 3387 praedicantem
661 3313 704 3364 dat
721 3311 780 3363 Ver.
817 3309 933 3377 Respicit
951 3308 1004 3360 Gai.
1025 3307 1055 3372 1,
1076 3308 1117 3359 10.

102 3403 128 3470 5)
146 3408 256 3460 Additur
272 3411 355 3478 inquit
373 3409 398 3459 in
418 3405 466 3458 IIb.
503 3403 551 3456 Pro
569 3407 674 3474 placere
692 3403 785 3454 vellem
804 3414 860 3448 cum
876 3397 906 3447 W
926 3405 952 3448 et
971 3395 1009 3446 tta
1028 3394 1116 3462 scripsi

101 3495 228 3558 placerem
254 3499 290 3564 (io
316 3495 355 3546 Gr.
374 3490 499 3561 ἤρεσκον),
523 3493 588 3544 sIcut
611 3491 704 3558 legitur
727 3485 774 3554 Ep.
793 3485 842 3537 LV.
869 3502 893 3552 p.
912 3483 954 3534 83.
978 3481 1026 3549 Ep.
1045 3479 1116 3533 LXII.

102 3596 125 3646 p.
147 3584 201 3634 104.
220 3584 269 3652 Ep.
287 3579 370 3635 LXIII.
389 3598 414 3649 p.
435 3579 498 3644 109,
525 3587 551 3630 et
571 3577 602 3628 ad
622 3575 717 3640 Quirin.
737 3571 778 3622 III.
799 3572 840 3622 55.
866 3587 891 3638 p.
911 3569 969 3622 320.
989 3571 1014 3620 iu
1041 3569 1116 3620 codd.

103 3667 132 3716 W
150 3681 175 3722 et
192 3671 221 3724 B.
257 3671 319 3722 I'um
345 3651 567 3723 smnus'Cin-a'rti
592 3663 709 3717 exhibent
727 3660 767 3710 W.
787 3659 867 3710 IIacd.
887 3656 916 3710 B.
963 3658 991 3724 6)
1012 3654 1066 3708 Orn.
1085 3655 1115 3708 Α.

103 3753 200 3813 Deinde
228 3765 256 3815 in
282 3763 355 3814 cultu
379 3768 402 3811 ct
427 3765 523 3810 o'rrtata
548 3753 605 3804 edd.
630 3760 691 3803 vett.
712 3758 737 3801 et
763 3745 868 3810 nemo,
895 3749 1027 3799 tornatas
1052 3743 1115 3796 Mac.

105 3839 189 3899 Statim
209 3858 232 3901 st
249 3852 348 3916 pudore
367 3846 483 3912 antiquae
503 3841 570 3906 edd,
590 3842 650 3892 item
668 3837 756 3889 Remb.
776 3845 802 3887 et
815 3833 889 3885 Grau.
919 3831 983 3883 Part.
1004 3841 1033 3885 ut
1051 3847 1115 3882 corr.

105 3943 135 3980 m.
153 3935 330 4002 superscripsit
355 3933 381 3984 iu
400 3929 450 3982 tto.
486 3928 544 3980 Ion
567 3931 605 3982 stt
627 3941 673 3993 pro
698 3933 739 3978 eat
756 3921 795 3973 IIc
820 3929 845 3972 et
861 3919 893 3971 Α.
938 3919 967 3987 7)
985 3918 1023 3970 Ita
1041 3918 1073 3968 W
1091 3925 1116 3970 et

106 4012 143 4068 Iis
159 4035 205 4087 pro
223 4023 334 4078 instruit
350 4037 401 4075 ana
415 4020 528 4074 Pastas.
559 4018 624 4081 Nos,
643 4013 712 4084 quod
730 4018 832 4064 notatur
849 4025 864 4060 e
883 4015 1001 4077 quattuor
1011 4005 1115 4074 tration,
