2874 4806
577 441 638 506 teo

95 595 266 660 timeamus.
310 597 416 680 Neque
438 599 534 662 inanis
547 597 574 676 ὁ)
598 599 673 662 boec
696 600 793 664 cautio
818 606 864 664 est
886 605 916 664 et
940 617 1016 662 vens
1046 598 1115 663 ior-

77 707 195 794 ¹mido,
230 727 310 790 quae
333 709 369 774 ud
393 710 494 774 solutis
518 712 596 773 viem
627 711 770 792 consulit,
803 730 879 792 quac
909 711 1053 776 dominice
1086 720 1115 777 et

94 821 193 886 nitelis
216 829 379 905 praecepte
402 823 545 902 custodit,
575 829 606 886 ut
637 841 715 906 quoe
746 843 780 888 se
804 823 922 889 Christo
952 825 1117 888 dicaverint

96 941 163 998 ete
194 937 309 1000 corneli
339 939 592 1019 concupiscentie,
608 937 786 1002 recedentes
816 945 875 1002 tem
907 957 998 1004 carno
1029 957 1116 1021 quom

71 1056 195 1112 umente
219 1069 257 1113 re
279 1050 338 1115 deo
367 1052 522 1132 voverint,
554 1059 758 1116 consumment
786 1069 861 1135 opus
891 1071 976 1116 suum
1006 1072 1116 1136 magno

94 1167 231 1244 proemio
257 1165 450 1247 destinatum,
472 1185 530 1230 nec
552 1169 651 1232 ornen'
674 1169 731 1230 iem
753 1173 803 1231 eut
824 1168 945 1250 placere
969 1169 1116 1249 cuiquem,

94 1277 150 1340 nisi
166 1280 300 1345 domino
325 1299 381 1346 suo
404 1281 550 1363 studeant,
574 1302 592 1346 e
615 1301 673 1364 quo
697 1290 728 1346 et
749 1256 917 1346 mercedem
940 1285 1117 1368 virginitatis

94 1399 275 1475 exspectent
297 1395 414 1460 dicente
436 1399 519 1480 ipso:
550 1397 620 1460 Non
641 1401 749 1460 'omnes
777 1398 907 1477 copiunt
922 1392 950 1473 6)
981 1397 1116 1476 verbnm,

95 1507 150 1568 sed
176 1507 238 1586 illi,
264 1511 375 1590 quibus
398 1512 502 1574 dotum
526 1518 579 1574 esi.
623 1509 704 1573 Sunt
726 1511 805 1572 enim
827 1511 984 1592 spadones
1001 1505 1039 1589 ⁷),
1063 1511 1117 1592 qui

96 1673 307 1686 -n———n—-

165 1755 194 1822 5)
213 1754 255 1807 Itu
276 1755 316 1808 W.
334 1754 416 1810 bibcd.
436 1754 458 1806 Α
479 1751 657 1824 editioneeque
676 1763 738 1807 vett.
758 1771 780 1808 c.
799 1754 888 1807 Remb.
907 1753 1004 1806 Eresm.
1022 1753 1116 1807 dieunt.

96 1839 211 1908 biorell.‚
245 1860 328 1913 nepes
359 1846 430 1897 enirn
461 1846 551 1898 intends
579 1841 652 1894 Grov.
679 1841 774 1894 Pemel.
802 1840 896 1910 nigro.
923 1840 1004 1896 Oxou.
1030 1840 1116 1896 Boius.

98 1927 203 1996 Goion,
230 1935 294 2000 quie
318 1947 364 1998 pro
389 1935 459 1984 enirn
476 1931 524 1984 tis.
566 1930 641 1995 Quod
665 1931 780 2000 sequitur
802 1934 866 1984 boec
890 1931 963 1983 obest
987 1947 1002 1982 e
1027 1929 1067 1983 tic
1092 1939 1118 1984 et

97 2014 166 2068 libris
185 2026 248 2070 autc
262 2003 336 2070 Grau.
356 2017 440 2070 editis.
472 2016 533 2068 Tum
550 2021 666 2087 formido
685 2035 754 2072 cene
773 2016 830 2069 edd.
849 2025 909 2068 ente
922 2015 1015 2070 bisunt.
1029 2033 1117 2070 omoes

99 2123 120 2157 e.
138 2106 239 2158 biorell.
284 2106 415 2175 Deinceps
441 2109 486 2175 qni
509 2105 555 2172 (eb
582 2104 615 2157 st.
634 2121 666 2157 m.
686 2120 812 2173 superscr.
832 2105 910 2174 quae]
929 2104 970 2156 W.
1012 2107 1117 2159 scintis

98 2194 122 2244 in
141 2195 234 2246 eodem
254 2202 356 2248 enatum
373 2201 413 2245 est
430 2209 462 2244 ex
479 2197 556 2247 setis.
592 2192 641 2244 Pro
662 2196 788 2257 consulit,
811 2194 881 2244 cuius
900 2191 959 2244 loco
977 2194 1003 2244 io
1022 2191 1114 2243 Msuut.

100 2288 137 2332 est
155 2286 302 2348 consuluit,
320 2289 382 2334 vett.
402 2281 461 2334 edd.
473 2289 579 2348 excepte
596 2280 718 2333 Deventr.
731 2295 865 2348 perperam
885 2279 979 2332 bsbeot
997 2281 1114 2333 contudit.

98 2367 152 2420 biox
170 2382 194 2425 et
214 2373 349 2424 dominice
366 2369 399 2420 W
417 2377 442 2422 ct
461 2368 508 2422 bio.
546 2368 603 2437 Seq.
622 2379 647 2424 es
664 2385 713 2421 om.
734 2366 764 2420 Α.
801 2367 881 2420 Paulo
899 2365 1008 2435 postitio
1027 2365 1116 2418 scribit

99 2459 292 2523 dedicaverint,
319 2457 358 2508 bic
377 2461 539 2512 dicaverunt.
577 2456 640 2507 Tum
658 2459 806 2511 decidentes
824 2467 877 2509 tem
895 2472 974 2509 corne
990 2472 1021 2508 rc
1039 2472 1116 2523 qnam

99 2554 179 2598 inmte
197 2549 244 2598 dec
264 2545 314 2596 bid.
351 2543 440 2596 Statim
457 2552 587 2598 veverum
603 2542 651 2593 Mc.
688 2540 786 2593 Deinde
806 2552 960 2596 consument
977 2541 1017 2593 W.
1036 2542 1116 2594 biscd.

100 2625 126 2680 Β.
144 2629 166 2681 Α
186 2641 213 2684 et
230 2631 274 2683 Fr.
293 2631 375 2685 Emm.
393 2632 428 2698 2.,
447 2649 515 2702 opus
540 2648 621 2685 snum
646 2638 827 2684 cosssnmmcnt
852 2628 908 2682 edd.
930 2628 974 2681 SP.
994 2628 1115 2681 Deveutr.

101 2717 172 2772 Gran.
191 2719 302 2784 neren,
321 2738 361 2788 op.
380 2737 423 2774 sn.
443 2729 596 2774 consument
615 2716 704 2769 Venet.
726 2716 747 2768 1.
769 2717 793 2770 2.
812 2716 892 2770 Koun.
910 2716 1000 2769 Remb.
1019 2715 1116 2768 Eresm.

100 2803 159 2858 Tum
183 2826 280 2878 snepno
307 2810 467 2860 destinatum
490 2808 607 2876 preconio
627 2803 657 2856 A.
693 2804 751 2856 bion
774 2809 868 2858 ornm'
892 2815 937 2859 eut
953 2808 1058 2874 placere
1076 2803 1116 2856 tt.

101 2891 195 2948 biebcd.
215 2895 277 2948 Ver.
297 2895 339 2959 2.‚
361 2896 421 2945 item
440 2892 499 2946 cdd.
519 2901 580 2946 vett.
600 2910 622 2944 c.
642 2892 731 2944 Romb.
750 2900 776 2944 ot
794 2891 909 2959 Moreli,
934 2900 1039 2959 excepte
1060 2890 1117 2942 Ds-

100 2991 194 3048 neuin,
214 2985 241 3034 iu
261 2998 309 3053 qus
328 2991 368 3036 cst
385 3000 482 3036 ornere
501 2993 547 3036 ent
563 2985 600 3050 pl.
635 2978 658 3031 A
677 2979 752 3032 oiicrt
770 2996 867 3034 ornere
884 2997 915 3033 ec
931 2983 967 3050 pi.
1006 2979 1055 3032 Pro
1074 2990 1120 3036 ent

101 3085 136 3135 pr.
153 3071 202 3124 iuit
219 3083 249 3127 set
267 3074 292 3123 in
311 3071 351 3123 W.
387 3071 415 3122 lo
438 3087 509 3140 seqq.
528 3079 588 3123 ente
611 3072 754 3123 mercedem
772 3066 803 3120 Α.
823 3083 872 3122 om.
890 3079 922 3122 et.
963 3065 1029 3118 Deio
1052 3066 1118 3118 mute

102 3171 219 3226 spectent
238 3161 286 3212 bic.
322 3159 391 3212 idem
413 3175 450 3226 pr.
470 3157 579 3210 babebat
598 3155 706 3224 dicente,
728 3156 750 3208 Α
769 3156 858 3209 scribit
881 3159 1005 3211 dicentes.
1042 3153 1117 3218 Quod

103 3251 211 3317 requitur
229 3254 291 3321 ipso
309 3249 340 3301 eb
359 3256 467 3316 utroquo
485 3245 565 3298 obest.
602 3244 634 3295 W
652 3253 679 3298 ct
697 3244 736 3296 bie
754 3243 877 3297 exhibent
895 3247 1025 3298 diceretis.-
1050 3245 1118 3296 Non.

103 3334 129 3402 6)
146 3335 232 3390 bietth.
255 3336 301 3402 19,
322 3333 431 3386 11-12.
453 3363 482 3372 —
503 3336 551 3386 boc
572 3335 682 3387 verbum
708 3330 767 3383 edd.
786 3339 848 3382 vett.
869 3346 891 3380 c.
910 3329 998 3382 tiemo.
1017 3327 1118 3379 Eresm.

104 3420 173 3477 Grau.
193 3434 219 3478 et
237 3422 346 3488 morell„
365 3425 474 3476 eertum
492 3424 540 3474 boe
557 3417 615 3470 itud
633 3435 655 3469 e.
675 3417 729 3470 Vct.
749 3417 790 3482 2.,
815 3420 925 3471 verbum
942 3418 1041 3470 domini
1059 3414 1118 3465 Ver.

103 3507 219 3564 Neutrum
232 3518 375 3582 agnoscunt
389 3510 421 3561 W
435 3517 461 3560 et
472 3507 528 3560 rell.
547 3507 605 3560 libri
624 3515 675 3558 mm
693 3507 788 3573 scripti,
807 3521 882 3574 quom
900 3504 970 3556 editi.
1007 3501 1036 3570 ⁷)
1049 3505 1120 3556 Sunt

105 3604 169 3655 enim
186 3608 332 3674 spadones,
360 3603 406 3670 qui
430 3601 513 3653 coeets'
536 3606 600 3651 eunt
625 3599 654 3650 eb
679 3597 830 3649 bominibus
849 3602 873 3646 et
891 3601 955 3646 suist
972 3593 1115 3661 spadones,

106 3691 219 3753 quincti
237 3699 301 3744 snnt
319 3691 375 3752 sie,
401 3696 425 3740 et
445 3693 508 3740 ssent
532 3687 664 3754 spadones
669 3722 679 3752 ,
706 3685 751 3752 qui
774 3699 804 3736 se
828 3685 906 3750 ipsos
930 3684 1120 3733 cestsseemnt

107 3781 153 3825 cto
175 3776 254 3830 hebet
280 3774 330 3827 oth.
378 3773 426 3824 Pro
450 3774 546 3825 metris
571 3773 615 3824 sie
638 3773 695 3823 neti
718 3777 784 3824 sunt
808 3767 856 3835 (ite
882 3765 956 3818 Grev.
982 3763 1118 3827 Pemelius‚

107 3857 195 3928 nigor.
210 3865 340 3932 ceterique
352 3862 521 3922 recentiores)
534 3859 574 3910 bic
586 3858 628 3910 det
647 3860 743 3911 metris
761 3873 827 3910 suec
844 3858 900 3908 neti
917 3862 988 3908 sunt.
1020 3848 1117 3902 Contra

106 3952 160 4000 neti
176 3963 239 4005 eunt
257 3955 299 4005 ss'c
316 3950 376 4002 Ver.
397 3953 420 4001 1.
438 3947 479 4000 bid
499 3956 524 3999 et
545 3947 577 3999 ed
596 3943 691 4008 Quiriu.
711 3943 752 3996 111.
771 3943 813 3995 32.
831 3941 896 4007 bib,
914 3941 957 3992 ubi
980 3943 1022 3995 sic
1046 3936 1117 4007 vulg.

108 4030 184 4090 deest.
220 4035 341 4091 Omittuut
358 4039 401 4092 sic
419 4035 459 4088 W.
479 4033 527 4087 bie.
545 4031 577 4086 B.
588 4030 622 4098 Α,
640 4033 701 4085 item
719 4029 777 4084 cdd.
796 4036 860 4082 vett.
881 4023 1118 4082 uttenburam.
