2872 4806
622 451 665 516 25

620 692 663 760 X.

219 836 283 899 Nec
297 853 332 898 sc
347 832 463 917 qnidam
479 832 502 912 ¹)
526 853 601 899 vana
624 838 870 919 interpretatione
885 819 1044 920 decipiant,
1068 835 1147 918 quod

129 949 240 1012 dixerit
262 948 398 1012 dominus
411 945 455 1026 2):
481 947 663 1030 Ubicumque
683 951 803 1031 sumini
816 951 876 1013 duo
892 957 947 1012 ant
961 957 1024 1014 tres
1037 948 1063 1027 ³)
1081 951 1150 1011 col-

98 1127 101 1134 ,
133 1064 200 1126 lecti
215 1065 248 1125 in
262 1065 384 1128 nornine
398 1083 481 1141 meo,
506 1083 560 1145 epo
576 1083 644 1126 cum
659 1067 704 1128 eie
717 1085 793 1128 rum.
834 1065 1035 1148 Corruptores
1052 1083 1150 1129 evan-

133 1177 204 1259 gelii
227 1182 316 1258 atque
342 1181 520 1261 interpretes
543 1179 608 1242 falsi
632 1185 765 1242 extrema
794 1187 908 1262 ponunt
931 1187 960 1244 ct
993 1182 1152 1264 superiora

102 1290 370 1374 rprcctcreunm),
392 1294 484 1374 partis
507 1311 656 1358 memores
680 1300 709 1356 et
731 1300 845 1377 partem
868 1297 996 1360 subdole
1023 1297 1151 1378 conpri-

132 1413 267 1469 mentes.¹
303 1407 342 1468 Ut
369 1406 426 1488 ipsi
456 1407 493 1468 ab
526 1406 655 1469 ecclesia
683 1408 770 1470 scissi
779 1405 811 1492 ⁵)
843 1414 927 1486 sunt,
956 1409 1000 1484 ¹ita
1021 1409 1153 1492 ‚capituli

129 1523 219 1585 unius
246 1523 424 1585 sententiam
450 1521 596 1584 scindunt.
642 1522 786 1586 Dominus
809 1525 887 1586 enim
911 1541 977 1585 curn
1002 1522 1153 1605 discipulis

130 1631 234 1720 suis⁶)
257 1637 476 1700 unanimitatem
497 1635 638 1700 suaderet
660 1644 691 1699 et
717 1655 836 1720 pacem:
867 1637 963 1713 ilico,
996 1637 1091 1718 inquit
1106 1613 1153 1721 b),

129 1751 220 1814 cobis
241 1752 384 1832 quonium
395 1745 440 1833 8),
462 1752 491 1813 ai
513 1750 632 1814 duobus
655 1770 695 1813 ec
717 1751 805 1814 cobis
819 1751 998 1815 conuenerit
1011 1752 1045 1814 tn
1058 1759 1152 1828 tanc,

34 1896 38 1908 ι
130 1866 170 1949 de
200 1865 283 1927 omni
311 1883 364 1942 re,
395 1883 612 1946 quamcumque
638 1867 807 1946 petieritis,
841 1845 995 1946 continpet
1024 1866 1112 1929 cobis
1134 1885 1155 1928 c

126 1986 220 2059 putre
241 1997 324 2057 meo,
348 1981 400 2061 qui
422 1981 572 2042 incaelis
595 1988 641 2042 est
647 1975 684 2058 ⁹).
733 1980 916 2062 Ubicumque
940 1981 1019 2042 enim
1031 1982 1152 2062 suerint

91 2091 194 2152 roduo
216 2099 271 2153 cut
291 2098 355 2154 tres
375 2091 494 2154 collecti
516 2094 550 2152 in
580 2093 701 2153 nomine
723 2111 805 2168 mec,
837 2111 894 2172 epo
916 2113 983 2154 cum
1007 2095 1052 2184 eie
1074 2113 1152 2171 curn,

132 2203 297 2268 ostendens
306 2201 351 2290 ¹⁰)
375 2224 435 2269 non
450 2205 635 2283 multitudini,
650 2206 705 2268 sed
722 2206 904 2269 unanimitati
926 2205 1149 2288 deprecantium

130 2318 287 2400 plurimum
310 2320 407 2383 tribui.
449 2320 485 2382 st
499 2320 627 2397 dnobus,
644 2320 748 2402 inquil,
764 2339 804 2382 ec
818 2319 906 2382 cobis
921 2317 1154 2404 conuenerun)

131 2433 167 2493 in
181 2439 281 2508 terro,
306 2433 523 2495 unanimitatem
538 2433 621 2514 prius
636 2433 753 2514 posuit,
779 2430 968 2494 concordiam
984 2403 1066 2513 pacis
1082 2437 1152 2493 ante

131 2545 282 2628 praemisit
291 2567 300 2622 ;
324 2554 355 2609 ut
372 2547 530 2610 conveniat
545 2548 642 2626 nobis,
658 2545 786 2608 fideliter
797 2542 839 2630 ¹⁸²)
857 2551 886 2608 et
902 2545 1026 2609 firmiter
1042 2543 1151 2608 docuit.

91 2677 118 2719 tn
132 2659 293 2734 Quomodo
324 2666 421 2722 arrtem
444 2665 544 2740 potest
566 2661 594 2721 ei
616 2679 683 2723 cum
706 2659 806 2739 aliquo
837 2658 1016 2737 convenire,
1048 2653 1150 2740 oui¹³)
1256 2689 1261 2706 ·

130 2789 197 2832 cum
222 2789 351 2852 corpore
374 2771 467 2852 ipsius
492 2771 639 2833 ecclesiae
663 2777 693 2832 et
715 2789 781 2833 cum
804 2771 945 2832 universa
969 2768 1152 2834 fraternitate

129 2902 191 2946 non
227 2885 397 2947 convenit?
442 2883 600 2958 Quomodo
616 2882 657 2968 14)
689 2891 817 2988 possunt
850 2883 909 2947 duo
944 2889 994 2946 aut
1028 2891 1090 2947 tres
1121 2885 1151 2946 in

200 3074 229 3126 Χ.
257 3075 286 3143 1)
304 3079 342 3130 Ne
359 3094 390 3130 re
407 3079 509 3146 quidem
521 3073 558 3127 Bb
572 3083 597 3127 et
609 3074 640 3127 Α.
670 3075 787 3127 Proxime
806 3077 919 3145 decipiet
933 3073 978 3125 Bb.
1015 3073 1044 3140 2]
1063 3073 1161 3152 Metili„

129 3161 172 3226 18,
194 3161 237 3214 20.
273 3159 303 3229 3)
322 3166 365 3215 cel
381 3173 437 3215 trec
454 3162 485 3214 Α.
520 3161 580 3213 'lum
601 3179 631 3215 eo
649 3177 696 3229 pro
715 3179 761 3232 epo
779 3159 817 3212 Bb
837 3169 863 3212 et
881 3160 912 3213 Α.
944 3159 1009 3212 Dein
1028 3164 1086 3215 illic
1104 3176 1151 3227 pro

127 3253 168 3303 eir
188 3247 357 3302 ildetedd.
377 3247 592 3318 [tenentemque
612 3247 708 3300 llorell.
754 3250 782 3318 4)
809 3259 887 3302 ut-
909 3257 1075 3318 praetereunt
1102 3247 1149 3301 Mc.

129 3329 259 3404 Deinceps
282 3347 384 3407 purtem
403 3337 453 3401 Ba,
470 3341 567 3407 purtim
586 3336 631 3388 lib.
667 3337 695 3387 ln
715 3335 764 3388 lllb.
783 3339 880 3406 purtim
898 3343 1000 3386 enatum
1022 3351 1036 3386 e
1054 3338 1151 3405 partic.

127 3423 187 3476 blox
203 3427 304 3492 purtim
323 3424 363 3476 W.
388 3423 436 3476 lle.
455 3423 492 3474 Bb
512 3433 538 3475 et
555 3441 568 3476 a
587 3442 607 3475 s.
622 3440 654 3476 m.
674 3423 723 3474 lib.
760 3423 822 3474 Tum
841 3426 890 3476 rub
909 3426 968 3476 cloto
986 3421 1016 3473 Α.
1037 3431 1065 3473 et
1083 3439 1148 3476 ccr-

126 3521 280 3580 rumpentes
299 3526 345 3576 pro
364 3517 556 3579 conprimuntur
575 3513 634 3565 edd.
654 3520 711 3562 ante
725 3511 894 3562 blanutianam
913 3523 1010 3560 omnes.
1047 3509 1077 3572 5)
1095 3526 1150 3562 ere-

127 3581 180 3651 oici
193 3599 242 3664 (pr.
255 3599 376 3666 excissi)
389 3598 437 3650 lto.
456 3598 572 3650 Proxime
586 3589 821 3667 cupitirblc.'1lein
838 3601 971 3651 sentencie
982 3599 1012 3646 A.
1044 3595 1073 3664 6)
1086 3600 1149 3651 cuir

77 3713 79 3720 >
127 3703 176 3738 onr.
190 3686 228 3748 Α;
247 3685 314 3736 idern
333 3686 421 3738 scribit
439 3691 566 3740 trinitatem
577 3695 604 3737 et
614 3703 707 3756 pacem
720 3687 797 3760 dixit.
834 3686 862 3748 7)
877 3683 962 3735 Matth.
978 3683 1019 3748 18,
1036 3683 1150 3736 19-20.

128 3773 157 3836 8)
178 3771 301 3842 puiullb.
330 3771 446 3825 Proxime
465 3775 516 3826 duc
532 3771 569 3825 Bb
588 3781 614 3824 et
631 3789 669 3842 pr.
684 3773 731 3825 lld.
763 3771 800 3823 lta
822 3770 951 3824 etinmllb
971 3770 1150 3838 (incarneo).

129 3859 189 3911 Turn
212 3863 381 3914 convenerint
397 3859 447 3912 bib.
466 3859 528 3911 Bab.
548 3861 578 3912 Α.
615 3861 644 3929 9)
664 3872 704 3914 ert
728 3865 756 3913 in
780 3863 862 3913 cuelin
881 3857 930 3909 tlt.
970 3857 1015 3926 to)
1034 3861 1149 3911 ostendit

129 3946 179 3999 lllb.
222 3946 281 3997 Mox
309 3949 459 4018 deprecanti
482 3948 526 3999 Bu.
564 3951 714 4002 Plurimum
739 3963 788 4000 om.
814 3947 861 3999 tta,
906 3946 951 4010 11)
977 3949 1098 3999 conuenit
1117 3943 1148 3995 Α.

133 4034 176 4104 ¹²)
194 4038 305 4108 ΜΨ
322 4039 399 4092 ”⁰⁶5⁸
417 4035 448 4090 Ᾰ·
485 4035 530 4102 ¹³)
550 4039 596 4110 ‘tut'
613 4035 663 4090 Mb·
701 4035 746 4103 14)
765 4038 899 4105 Quomodo
918 4043 1004 4090 cuturn
1022 4031 1098 4084 idem.
