2872 4806
814 415 859 484 bb

328 568 1031 663 1111111118)111111111111311111111111,
1062 578 1092 636 et
1121 572 1187 657 ipse
1216 593 1233 637 a
1257 579 1343 658 patre
1411 561 1415 572 ’

328 689 473 754 exaltatus
495 690 543 769 sit,
566 689 634 770 quia
656 708 690 752 se
713 691 743 752 in
766 669 855 753 terris
877 707 976 752 sermo
1000 694 1031 750 at
1052 687 1145 752 virtus
1169 694 1199 750 et
1219 688 1342 770 sapien-

327 803 366 866 tia
382 796 410 880 ⁹)
432 800 481 864 dei
503 801 594 883 patris
623 802 801 881 humiliavit,
831 799 982 883 quomodo
1011 805 1111 882 potest
1141 799 1343 864 extollentiam

328 913 454 998 diligere
484 915 534 996 qui
565 920 595 978 et
622 915 710 978 nobis
740 915 930 980 bumilitatem
960 933 1015 976 sua
1041 913 1111 996 lego
1137 913 1286 978 mandavit
1316 921 1346 978 et

302 1030 393 1112 aipse
414 1024 489 1106 ¹⁰)a
519 1035 604 1111 patre
633 1029 843 1111 amplissimum
874 1046 983 1092 nornen
1014 1028 1145 1109 praemio
1176 1027 1345 1092 humilitatis

326 1143 467 1226 accepit?
506 1115 740 1208 confessor'est
756 1144 876 1222 Christi,
899 1141 952 1206 sed
976 1142 1002 1206 si
1024 1135 1109 1224 noni
1130 1149 1237 1226 postea
1258 1142 1388 1206 otas-20²

326 1256 482 1339 phemetur
504 1254 540 1334 ¹¹)
563 1275 618 1338 per
641 1257 738 1340 ipsum
760 1257 901 1322 maiestas
925 1262 955 1318 et
971 1255 1098 1338 dignitas
1115 1255 1231 1321 Christi.
1268 1256 1345 1320 Lin-

326 1391 386 1454 gua
410 1370 558 1454 Christum
582 1371 724 1434 confessa
749 1389 810 1434 non
833 1370 871 1436 sit
893 1369 1035 1434 maledica
1055 1367 1112 1450 ¹²),
1142 1389 1203 1435 non
1234 1372 1346 1434 turbu-

327 1485 423 1564 lenta,
454 1503 516 1550 non
547 1486 690 1549 eonvioiis
722 1491 753 1546 et
773 1485 873 1548 litibus
896 1490 1089 1566 perstrepens
1111 1483 1259 1562 audiatur,
1282 1503 1346 1548 non

289 1621 314 1664 ro
327 1604 432 1662 contro
455 1597 563 1662 tratres
587 1605 618 1662 et
641 1599 690 1662 dei
712 1597 887 1662 sacerdotes
907 1604 976 1680 post
990 1597 1082 1661 verba
1098 1594 1251 1675 laudis'¹³)
1273 1613 1346 1660 ser·

326 1715 422 1796 pontis
442 1731 559 1778 venena
574 1714 728 1778 iaculetur.
769 1712 907 1777 Ceterum
931 1712 955 1774 si
979 1711 1133 1793 culpabilis
1157 1718 1188 1775 ct
1207 1711 1347 1776 detesta-

326 1827 392 1891 bilis
413 1825 450 1906 ¹⁴)
481 1827 671 1909 postmodum
702 1826 807 1905 tuerit,
841 1827 867 1890 si
902 1824 1125 1890 consessionem
1156 1841 1239 1888 suam
1268 1825 1345 1888 mala

327 1943 558 2006 conuersatione
589 1939 781 2024 prodegerit,
803 1939 837 2004 ,si
868 1938 957 2001 vitam
987 1955 1069 2018 suam
1101 1937 1179 2019 turpi
1201 1937 1347 2002 foeditate

397 2132 427 2200 8)
455 2135 500 2202 qui
524 2141 612 2185 aotam
637 2129 688 2182 bib.
729 2129 794 2182 Dein
819 2145 849 2183 ec
874 2131 996 2183 humiliot
1013 2125 1059 2178 bb.
1098 2125 1215 2180 Pronom.
1238 2144 1268 2181 aa
1296 2143 1346 2178 ona

329 2216 379 2271 bib.
415 2216 532 2271 Proxime
549 2227 590 2271 cet
607 2230 653 2284 pro
672 2219 709 2270 ait
732 2214 811 2267 babet
834 2213 882 2266 Bb.
918 2212 948 2282 9)
963 2216 1098 2285 portaretis
1123 2217 1181 2267 riva
1207 2217 1348 2283 sapiencia
1421 2259 1422 2262 ,

329 2305 391 2374 (ric)
412 2306 443 2357 Α.
480 2304 527 2366 tot
552 2307 609 2368 ipae
632 2318 682 2354 our.
706 2302 755 2355 Mc.
799 2301 844 2372 11)
872 2303 1042 2370 ttaofoructor
1065 2299 1105 2350 W.
1143 2299 1272 2369 Deinceps
1299 2317 1349 2371 per
1421 2297 1422 2330 1

328 2395 405 2448 idum
418 2391 477 2444 cdd.
490 2390 612 2444 Daventr.
631 2398 658 2442 et
671 2389 755 2454 Grau,
775 2405 859 2457 neque
876 2406 924 2459 per
941 2391 1030 2456 ipsum
1048 2403 1130 2456 aeque
1147 2390 1291 2457 peritiam
1312 2395 1350 2438 eet

329 2481 354 2531 in
379 2479 434 2532 rell.
452 2487 514 2531 vett.
534 2477 622 2541 editis,
648 2478 708 2528 item
733 2479 759 2528 in
784 2476 874 2528 hamb.
893 2484 969 2544 atque
995 2474 1092 2528 Erasm.
1129 2474 1191 2526 Turn
1215 2486 1350 2545 mopeatoe

330 2565 433 2618 exbibet
450 2565 490 2618 hia
508 2583 530 2616 c.
551 2564 609 2618 edd.
628 2564 673 2618 SP.
691 2565 778 2618 Venet.
800 2567 822 2616 1.
842 2572 868 2615 et
885 2562 977 2628 Iduum,
996 2567 1141 2633 magicatos
1160 2563 1249 2615 venet.
1263 2564 1288 2615 2.
1308 2564 1349 2616 12.

330 2656 469 2708 maledicta
493 2651 531 2703 ut
557 2661 582 2705 et
606 2650 635 2705 h
673 2651 762 2704 Statim
786 2668 840 2706 nora
863 2654 901 2704 eit
924 2653 1073 2704 turbulento
1099 2650 1158 2702 edd.
1177 2658 1237 2700 ante
1254 2650 1349 2702 Manat.

330 2771 430 2822 omnes,
448 2775 509 2812 aen.
535 2740 591 2778 ⁶⁰⁸⁸
615 2760 768 2812 turbulento
793 2760 862 2822 (oon.
881 2754 913 2807 ab
938 2755 969 2808 ab
997 2771 1029 2807 m.
1048 2756 1187 2822 superacr.)
1212 2755 1271 2820 bib,
1297 2774 1350 2811 nos

330 2848 479 2900 turbulento
501 2843 548 2896 bia.
595 2845 639 2910 13)
658 2844 716 2896 Ver.
736 2843 804 2898 addit
830 2852 854 2898 et
878 2846 1057 2912 consessionis
1079 2841 1203 2910 probante
1228 2841 1350 2911 Rigaltio.

331 2929 509 2986 Tarnantone
533 2936 666 3003 serpentia
690 2931 777 2984 scribit
796 2930 848 2995 Bb,
875 2949 942 2986 oenc
966 2949 989 2986 e.
1009 2931 1039 2982 Α.
1084 2929 1128 2995 14)
1147 2940 1171 2985 ct
1189 2931 1352 2985 detestabilia

331 3019 459 3073 cmiter.
494 3019 555 3072 Post
572 3023 734 3076 111111111ϋί1
753 3020 779 3069 in
799 3018 838 3068 bib
858 3020 1052 3087 superscriptum
1076 3022 1138 3074 cito.
1174 3017 1201 3070 ln
1227 3033 1301 3086 seqq.
1323 3021 1351 3072 oi

331 3111 510 3176 confusionis
527 3123 594 3163 raca
616 3101 713 3162 nactam
737 3110 963 3162 cenomanniam
980 3109 1124 3174 prodiderit
1141 3107 1228 3174 inepte
1246 3107 1351 3162 exbibet

331 3193 383 3246 bib.
423 3199 575 3250 Prodiderit
598 3197 622 3248 io
649 3195 698 3246 boc
722 3194 786 3248 libro
812 3202 914 3246 enatum
939 3194 1041 3246 videtur
1059 3211 1074 3246 e
1091 3197 1254 3265 prodcperr't,
1280 3195 1350 3265 quod

331 3283 426 3348 primus
439 3282 534 3334 inuexit
546 3281 681 3348 Pcmcliuo,
702 3298 777 3351 quem
791 3284 881 3334 merito
893 3283 976 3333 secuti
988 3290 1046 3336 sunt
1058 3281 1171 3334 editores
1183 3283 1351 3349 posteriores.

332 3366 402 3420 Hauc
428 3370 494 3420 enim
517 3367 653 3422 lectionem
678 3370 783 3438 egregie
805 3368 954 3421 confirmant
971 3369 1046 3421 codd.
1063 3369 1121 3422 Ver.
1141 3368 1181 3420 W.
1202 3368 1250 3420 bia.
1267 3368 1307 3422 Ba
1326 3379 1352 3424 ct

332 3454 460 3508 sexdecim
471 3455 568 3520 Belum,
587 3454 692 3510 aiteram
711 3471 774 3508 vero
793 3457 818 3507 in
837 3456 926 3508 decern
945 3458 1054 3526 antiquis
1073 3455 1202 3510 aBalucio
1221 3458 1351 3510 iuventam
1419 3451 1420 3478 ³

334 3559 366 3595 ex
389 3544 481 3596 nostris
503 3551 606 3610 praetor
632 3542 673 3594 111)
698 3543 874 3596 tantummodo
896 3544 1020 3611 praebent
1044 3542 1083 3595 Bb
1108 3552 1133 3596 ct
1152 3542 1192 3594 bid
1217 3560 1266 3596 una
1292 3561 1351 3596 cum

334 3629 519 3699 exemplaribus
545 3638 604 3682 ante
621 3629 715 3683 Peroel.
733 3632 801 3698 typis
820 3633 959 3700 exscriptis.
995 3635 1130 3688 Prodicrr't
1149 3632 1192 3685 dat
1208 3631 1262 3697 hie,
1279 3653 1350 3702 pro-

334 3717 445 3774 dcrith.
477 3717 578 3770 Deinde
595 3721 716 3789 fidelitate
732 3722 881 3774 maculetur
900 3719 961 3788 (ric)
975 3719 1004 3772 h.
1034 3718 1095 3771 Post
1111 3723 1252 3774 ecetesiam
1270 3724 1350 3777 derai-

334 3822 384 3875 pua
411 3820 443 3856 ex
465 3804 525 3857 Ver.
552 3806 703 3860 inseruimus
729 3809 819 3876 ipram
846 3815 950 3860 auctora
977 3807 1095 3876 Rigaltio.
1139 3806 1219 3860 Paulo
1246 3815 1304 3875 post
1327 3806 1351 3860 Α

335 3907 421 3962 scribit
437 3912 519 3963 vitam
541 3911 657 3980 primam
681 3925 728 3978 pro
753 3913 828 3980 ptdcna
846 3914 968 3982 paam.
1004 3910 1066 3962 Tum
1089 3896 1234 3982 portariam
1261 3915 1300 3975 (ri
1318 3911 1351 3964 ab

336 3993 369 4048 al.
387 4011 419 4048 m.
438 3994 539 4061 addito)
566 3995 644 4049 babet
660 3996 708 4052 tta.
