2866 4804
803 443 848 510 62

315 603 457 685 promat?
501 603 613 682 Doleo,
646 603 774 684 iratres,
805 604 895 668 doleo
923 605 1096 684 votorum,
1126 623 1184 668 nec
1205 604 1276 668 mihi
1297 605 1336 670 ad

316 716 474 782 leniendos
505 717 627 782 dotores
650 737 735 784 meos
757 719 915 804 integritas
938 722 1061 802 propria
1084 726 1115 783 et
1136 718 1246 807 sanitas
1269 719 1336 800 pri-

316 836 384 892 vata
406 828 571 910 blanditur,
598 830 717 911 quando
740 829 809 912 plus
831 838 936 912 pastor
958 832 987 894 in
1011 832 1117 915 gregis
1140 833 1187 895 sui
1209 832 1346 896 vulnere¹
1425 815 1426 902 ἷ

315 943 492 1006 vulneretur
512 936 547 1021 ⁷).
593 943 666 1006 Cum
688 943 815 1026 singulis
837 951 1064 1056 pectusomeum
1094 943 1219 1027 copulo,
1248 961 1336 1006 mae·

288 1058 393 1119 simis
423 1061 454 1118 et
480 1054 594 1119 funeris
624 1055 760 1138 pondera
788 1055 924 1120 luctuosa
952 1057 1107 1139 participo.
1153 1057 1224 1121 Cum
1246 1057 1336 1139 plan-

314 1169 453 1254 gentibus
475 1170 597 1251 plango,
621 1187 688 1231 cum
711 1163 930 1245 dedentibus⁸)
954 1167 1062 1247 defleo,
1086 1187 1153 1232 cum
1169 1171 1336 1234 iacentibus

315 1284 415 1346 iacere
443 1301 492 1345 me
522 1282 625 1346 credo.
670 1283 775 1346 iaculis
805 1283 864 1346 illis
879 1277 908 1360 9)
932 1286 1098 1367 grassantis
1127 1285 1237 1348 inimici
1271 1302 1336 1346 mea

314 1396 401 1460 simul
429 1398 561 1460 membra
591 1415 738 1479 percussa
765 1403 850 1477 suut,
880 1399 1050 1462 saevientes
1075 1398 1167 1482 gladii
1188 1417 1246 1480 per
1268 1417 1334 1461 mea
1424 1397 1425 1406 ’

315 1511 432 1574 viscera
454 1511 644 1573 transierunt
688 1510 818 1574 Inmunis
838 1505 876 1588 ¹⁰)
902 1518 932 1573 et
961 1511 1039 1574 liber
1065 1529 1083 1572 a
1116 1490 1335 1592 persecutionis

276 1637 303 1680 ¹⁰
315 1626 437 1690 incursu
465 1624 562 1688 fuisse
584 1636 646 1689 non
667 1631 768 1706 potest
790 1626 915 1690 animus.
960 1626 993 1690 in
1015 1628 1173 1706 prostratis
1196 1625 1336 1690 matribus

315 1746 346 1804 et
368 1757 415 1802 me
436 1738 599 1820 prostravit
621 1736 766 1801 adtectus.

801 1936 860 2005 IV.

404 2077 546 2142 Habenda
569 2085 667 2142 tamen
690 2086 736 2142 cst
752 2077 786 2158 Ι),
809 2077 917 2142 manes
941 2077 1134 2158 dilectissimi,
1156 2079 1232 2142 ratio
1252 2080 1336 2142 veri-

317 2191 401 2272 tatis,
434 2211 492 2256 nec
513 2194 558 2256 sic
580 2199 709 2256 mentem
727 2191 824 2284 'debet
845 2196 876 2252 ct
898 2207 1020 2253 sensum
1042 2191 1263 2274 persecutionis
1286 2191 1336 2255 in-

318 2304 415 2371 festae
437 2308 597 2370 tenebrosa
620 2306 718 2391 caligo
741 2322 892 2386 caecasse,
916 2311 948 2368 ut
968 2304 1041 2367 nihil
1062 2306 1241 2368 remanserit
1263 2306 1336 2369 lucis

280 2437 306 2480 rs
320 2427 351 2484 et
370 2422 505 2502 luminis,
532 2420 613 2485 unde
635 2420 736 2484 divina
758 2426 919 2502 praecepte
941 2419 1072 2501 perspici
1094 2421 1219 2501 possint
1265 2420 1296 2485 Si
1310 2417 1336 2498 ²)

318 2532 411 2600 cladis
441 2551 531 2596 causa
561 2533 773 2615 cognoscitur,
808 2538 839 2595 et
869 2531 986 2595 medela
1020 2533 1153 2596 vulneris
1181 2533 1336 2597 invenitur.

318 2647 463 2710 Dominus
475 2643 503 2724 8)
524 2647 648 2731 probari
670 2646 807 2710 familiam
830 2665 913 2711 suam
935 2647 1047 2727 voluit
1064 2653 1093 2710 et
1116 2650 1184 2728 quia
1204 2648 1337 2710 traditam

389 2890 419 2959 7)
437 2894 596 2946 colonatus·
608 2889 658 2944 tib.
692 2891 724 2959 8)
735 2893 860 2961 flentibus
872 2889 923 2942 dib.
955 2891 1017 2942 Tum
1035 2909 1076 2946 mc
1087 2894 1174 2946 iacere
1186 2841 1216 2943 K
1247 2891 1277 2961 9)
1289 2893 1336 2945 lc-

319 2983 397 3035 cotos
419 2983 484 3034 ittae
507 2979 558 3033 did.
598 2978 665 3032 Itein
689 2983 842 3034 crassantis
866 2979 923 3031 dioc
948 2995 971 3032 c.
994 2979 1039 3031 Ba
1083 2978 1201 3032 Proxime
1225 2981 1338 3032 noemin

317 3071 401 3123 simut
418 3065 468 3117 ttd.
504 3066 575 3118 idem
592 3071 699 3121 viscera
716 3083 781 3119 mera
818 3066 881 3118 Voc.
900 3071 1008 3122 viscera
1029 3082 1079 3119 om.
1099 3065 1130 3119 Α.
1167 3065 1212 3131 10)
1232 3068 1337 3120 incitos

318 3155 350 3206 tt
386 3154 449 3206 Tum
466 3156 606 3224 praeposit.
625 3175 641 3208 a
660 3155 685 3206 in
704 3154 745 3205 ttb
764 3170 785 3207 r.
804 3171 837 3206 m.
855 3170 933 3222 supra
952 3153 995 3206 tin.
1015 3154 1118 3208 addidit.
1154 3152 1203 3204 Pro
1225 3153 1338 3206 incursat

318 3241 359 3294 dic
377 3242 456 3294 habet
471 3244 654 3307 incarnatam,
671 3239 783 3294 Fuxcns.
802 3245 907 3310 impetu.
937 3240 1068 3308 Deinceps
1086 3243 1189 3294 inverso
1203 3238 1338 3291 verborum

319 3329 410 3381 ordine
428 3327 466 3382 Bb
486 3338 513 3383 ct
530 3329 569 3381 dic
585 3347 640 3383 oon
656 3339 742 3399 pateat
761 3333 867 3383 animus
885 3333 984 3399 fuisse.

390 3417 430 3471 1v.
458 3417 486 3484 1)
504 3419 634 3472 Habuodc
652 3416 817 3482 tenturum,
835 3419 952 3471 notendo
970 3415 1157 3471 atramenti.
1186 3411 1264 3465 Paulo
1284 3419 1339 3480 post

319 3515 431 3560 nmero
448 3507 524 3560 dctu
536 3503 588 3570 did,
606 3514 632 3558 et
647 3522 759 3560 asemon
777 3508 849 3559 dotet
866 3503 918 3556 atio
937 3504 1026 3556 ordios
1044 3503 1095 3556 tib.
1127 3501 1226 3555 Deinde
1243 3505 1339 3571 inserta

320 3603 344 3648 et
362 3596 499 3647 tmdrcro
517 3590 564 3644 dic.
599 3590 628 3644 111
649 3591 765 3644 clausula
782 3603 898 3662 posenni
918 3591 958 3644 dic
977 3601 1004 3644 ot
1023 3608 1062 3660 pr.
1079 3589 1122 3643 W.
1164 3589 1194 3658 2)
1212 3592 1266 3642 Sed
1288 3596 1362 3666 trec¹
1394 3655 1398 3670 .

320 3679 377 3732 tat.
413 3678 475 3730 'dum
497 3683 606 3734 medetta
623 3678 657 3730 W
674 3689 700 3732 et
717 3679 766 3732 dia.
803 3678 842 3732 Gi.
866 3678 927 3747 Cap.
945 3679 999 3732 xit.
1040 3679 1104 3731 Toto
1127 3677 1191 3730 haec
1214 3675 1338 3728 sententia

321 3766 482 3819 desideratur
504 3769 529 3818 in
551 3766 583 3820 Α.
625 3766 654 3833 3)
683 3771 758 3822 Deus
783 3765 825 3818 Md
851 3775 877 3819 et
901 3767 933 3821 Α.
976 3766 1065 3819 Statim
1086 3768 1200 3836 protare
1216 3761 1259 3814 Md
1284 3776 1338 3813 cum

321 3851 393 3905 libris
410 3862 470 3906 ente
489 3853 565 3907 Gran.
583 3854 667 3920 editis,
686 3863 713 3906 et
731 3871 746 3906 e
763 3858 873 3925 proteri
890 3855 938 3908 dic.
974 3854 1080 3908 laveno
1098 3859 1183 3906 autem
1203 3851 1336 3904 verborum
1419 3861 1420 3930 ζ

322 3940 411 3992 ordine
429 3940 471 3994 tib
488 3944 620 4010 familiam
635 3959 715 3997 soom
730 3945 840 4011 pretori
857 3945 952 4008 votuit,
970 3939 1009 3996 Bb
1026 3945 1099 4011 prot.
1111 3942 1199 3997 votuit
1216 3939 1299 4007 [omit.
1314 3951 1337 3989 r·
1419 3937 1420 3954 ¹

322 4025 351 4079 ln
368 4043 440 4099 seqq.
459 4028 516 4084 cod.
535 4027 576 4082 ttc
594 4045 618 4083 c.
637 4029 678 4084 ad.
691 4027 778 4082 Bainun.
796 4028 875 4082 hebet
891 4039 916 4085 et
931 4046 1006 4098 pne,
1024 4038 1055 4085 ut
1071 4032 1111 4084 ita
1127 4030 1254 4096 dicuin,
1272 4028 1335 4080 ³⁰⁹*-
1416 4025 1419 4100 J
