2872 4806
572 437 614 505 57

100 597 304 683 praedicemus.
348 571 555 682 tinomaus)
591 600 669 664 votis
694 599 824 663 omnium
854 598 919 664 dics
950 599 1048 680 venit,
1079 604 1110 663 et

100 719 163 795 post
191 711 300 796 longae
331 714 429 775 noctis
456 712 629 777 horribilem
658 719 842 794 taetrumque
871 712 1028 798 caliginem
1051 713 1110 778 do-

100 820 204 903 mini⁸)
234 827 302 891 luce
331 825 462 892 radiatus
492 827 621 892 mundus
645 828 746 892 eluxit.
792 828 995 893 Conlessores
1017 847 1111 912 prae-

100 942 182 1004 conio
214 941 285 1005 boni
315 941 444 1004 nominis
470 942 568 1005 claros
592 937 662 1020 et⁹)
684 943 802 1006 virtutis
825 961 861 1005 ac
883 942 951 1006 fidei
974 942 1110 1008 laudibus

78 1055 248 1137 pgloriosos
265 1054 364 1160 'laetis
403 1057 615 1137 conspectibus
652 1043 818 1135 intuemur,
856 1059 966 1120 sanctis
1004 1057 1114 1120 osculis

100 1168 310 1249 adhaerentes,
340 1169 529 1234 desideratos
560 1171 610 1235 diu
641 1172 814 1252 inexplebili
845 1171 1005 1254 cupiditate
1036 1188 1115 1234 con-

99 1282 257 1364 plectimur.
302 1283 395 1348 Adest
418 1285 540 1347 militum
564 1285 672 1348 Christi
691 1281 732 1361 ¹⁰)
755 1286 866 1348 cohors
890 1284 1033 1364 candida,
1064 1283 1115 1364 qui

100 1398 311 1477 persecutionis
342 1400 480 1480 urgentis
509 1397 652 1462 ferociam
683 1399 881 1466 turbulentam
912 1399 1008 1462 stabili
1036 1375 1115 1461 oon-

101 1511 255 1592 gressione
288 1510 444 1595 fregerunt
463 1511 519 1592 ¹¹),
557 1514 651 1595 parati
690 1513 726 1576 ad
763 1515 934 1596 patientiam
973 1514 1115 1593 carceris,

71 1627 201 1699 parmati
237 1626 275 1688 ad
313 1628 499 1690 tolerantiam
538 1629 651 1691 mortis.
708 1627 909 1712 depugnastis
929 1623 966 1704 ¹¹)
1001 1625 1118 1690 fortiter

101 1739 226 1819 saeculo,
251 1742 453 1823 spectaculum
477 1743 644 1826 gloriosum
668 1743 847 1824 praebuistis
870 1742 946 1822 deo,
968 1740 1117 1804 secuturis

102 1851 236 1919 iratribus
277 1854 391 1928 fuistis,
416 1857 564 1938 exemplo.
620 1857 771 1940 Religiosa
790 1855 830 1934 ¹³)
868 1876 930 1920 vox
970 1853 1117 1917 Christum

102 1966 192 2032 locuta
224 1977 289 2052 cst,
318 1971 347 2032 in
379 1989 467 2052 qucm
498 1989 533 2033 se
564 1971 658 2034 semol
692 1970 858 2034 credidisse
890 1967 1030 2050 confessa
1063 1971 1116 2029 est.

102 2077 236 2144 inlustres
265 2100 387 2162 manus,
417 2102 495 2162 quae
527 2101 587 2145 non
619 2083 676 2146 nisi
698 2079 735 2159 Ι1)
766 2082 872 2144 divinis
896 2083 1037 2163 operibus
1059 2079 1116 2144 ad-

75 2229 93 2272 ‚5
105 2203 277 2276 sueverant,
313 2196 465 2258 sacrificiis
501 2197 657 2278 sacrilegis
691 2197 872 2258 restiterunt.
929 2194 1116 2259 Sanctificate

104 2329 150 2374 ora
172 2311 351 2376 caelestibus
375 2311 449 2373 cibis
472 2318 541 2391 post
564 2327 674 2391 corpus
698 2316 728 2370 et
750 2309 924 2391 sanguinem
948 2307 1059 2371 domini
1078 2305 1115 2385 ¹⁵)

103 2465 304 2478 ——fi

165 2547 193 2613 t)
212 2550 360 2614 ldoeoptatic
385 2544 473 2598 ttalt
499 2553 525 2598 ct
549 2562 587 2613 pr.
614 2545 663 2598 htb.
701 2545 762 2596 Tum
785 2547 897 2599 accidas
922 2551 946 2598 at
970 2546 1038 2598 vatic
1057 2535 1114 2595 cod.¹

103 2630 213 2686 Furens.¹
241 2633 371 2701 Deinceps
397 2637 518 2688 omnihus
545 2633 603 2685 edd.
627 2635 746 2702 antiquae
769 2649 792 2685 c.
818 2631 947 2684 Bemholt.
971 2630 1070 2682 Erarm.
1090 2638 1118 2682 et

105 2719 185 2786 Grau,
206 2737 315 2790 quarum
333 2722 469 2794 novissima
489 2723 582 2791 tang.
602 2721 680 2774 hahet
699 2725 824 2776 ananiam·
860 2705 983 2771 Meudoio
1006 2721 1068 2773 uerti
1086 2716 1117 2769 A·

104 2805 129 2871 8)
153 2813 192 2862 dci
215 2807 258 2860 hid
283 2817 310 2860 et
332 2825 346 2858 a
371 2825 391 2860 r.
417 2826 449 2861 ιιι.
474 2809 529 2874 hic,
555 2812 667 2878 itemque
691 2809 749 2860 edd.
780 2814 841 2859 vett.
868 2805 966 2858 Erasm.
992 2813 1018 2856 et
1042 2802 1117 2856 Grau.

104 2894 183 2947 Statim
207 2900 305 2950 manda
326 2899 356 2947 Α.
393 2896 462 2948 ldern
489 2913 512 2950 c.
534 2895 572 2947 Bb
594 2900 697 2950 illua-it.
733 2895 763 2962 9)
783 2905 807 2948 at
831 2909 881 2945 orn.
901 2893 964 2945 blac.
1000 2892 1068 2943 Dein
1087 2889 1119 2941 W

104 2991 126 3032 et
142 2983 194 3036 hlac
213 2984 335 3036 exhibent
353 2987 506 3038 virtutibus.
544 2984 628 3035 Verba
647 2986 751 3037 sanctia
769 2983 874 3035 cacalia
893 2984 1063 3034 adhaerentes
1084 3005 1114 3016 -

106 3099 132 3108 -
155 3075 404 3141 -·cortplectimur·
427 3071 519 3125 derunt
540 3074 566 3123 in
591 3069 621 3122 Α.
658 3069 707 3122 Pro
732 3073 836 3124 occulto
854 3068 893 3120 dia
921 3076 948 3118 ct
971 3065 1025 3118 Bab
1056 3065 1117 3116 dant

104 3161 192 3223 acutia,
210 3162 273 3210 itam
293 3161 374 3226 primo
392 3162 513 3229 scripturn
525 3161 574 3210 luit
586 3161 610 3210 in
625 3159 672 3211 ttc.
705 3158 765 3208 Tum
780 3160 962 3212 daeidewnteo
976 3153 1054 3204 habet
1066 3149 1112 3204 Bh.

106 3245 144 3310 10)
160 3249 264 3301 Christi
277 3261 326 3300 orn.
339 3248 369 3300 tt.
404 3246 460 3298 lior
479 3251 599 3318 torpentia
617 3247 774 3316 torquentia
793 3244 880 3296 scribit
892 3240 942 3308 Bb)
964 3243 988 3291 in
1002 3240 1041 3291 lile
1054 3254 1114 3291 cor-

105 3411 195 3470 ruptum
214 3413 254 3457 est
271 3407 296 3456 in
315 3407 459 3475 carpentis.
498 3404 543 3466 11)
561 3343 775 3474 [νερεννῖπῖηιηι
793 3418 806 3452 a
826 3417 846 3452 r.
862 3418 893 3452 nr.
913 3397 1055 3466 auperscc.)
1067 3395 1117 3461 ub,

104 3493 217 3556 focerunt
240 3492 287 3544 Ba.
331 3491 397 3544 Dein
422 3502 516 3560 parata
544 3521 575 3531 -—
605 3521 639 3530 -
666 3500 769 3544 armata
794 3489 832 3552 Α;
863 3490 960 3542 armati
988 3501 1038 3537 orn.
1068 3483 1116 3536 tta.

107 3576 420 3650 turcomannorum
463 3578 511 3630 Pro
535 3583 582 3633 ‹lao
601 3579 632 3628 W
652 3585 677 3627 et
695 3576 751 3628 blac
768 3575 888 3627 exhibent
907 3577 1021 3628 damino.
1057 3570 1119 3621 Turn
1219 3637 1224 3644 ι

84 3660 164 3714 'atate
192 3670 314 3720 necaturi
338 3683 375 3734 pc.
403 3666 447 3718 hic.
493 3665 537 3735 13)
562 3669 704 3736 ltctepioaa
727 3665 767 3716 hia
792 3673 819 3715 et
845 3679 882 3730 pr.
911 3661 960 3712 hlb.
1002 3658 1120 3712 Proxime

107 3752 203 3806 Obrioti
235 3752 282 3804 tte.
330 3753 356 3804 ln
388 3769 459 3822 seqq.
487 3769 602 3822 pronom.
632 3771 662 3808 aa
692 3768 712 3803 r.
740 3767 772 3802 ιιι.
800 3749 977 3817 superscripsit
1013 3749 1039 3797 ia
1071 3743 1119 3796 hic.

109 3836 148 3902 11)
167 3858 231 3910 quaa
252 3858 283 3894 aa
305 3857 358 3894 oon
375 3845 432 3896 aiei
456 3841 503 3893 hic.
540 3840 598 3892 hlox
617 3845 774 3894 dehonorant
793 3837 824 3890 Α.
862 3835 950 3888 Statim
969 3835 1116 3901 sacrificiis

108 3940 135 3976 aa
152 3929 305 3996 eacritcpr'a'o
323 3925 377 3978 Bab
396 3935 422 3978 et
439 3943 476 3994 pr.
490 3927 530 3978 bic
547 3942 597 3978 una
617 3941 674 3978 cum
691 3934 791 3992 septem
809 3923 880 3976 libris
898 3929 960 3976 vett.
975 3935 1016 3987 ap.
1030 3916 1118 3972 Balua.

108 4017 131 4062 et
146 4019 262 4084 quattuor
274 4013 350 4088 Appi.
388 4015 435 4082 15)
456 4011 772 4090 amputandarum).
817 4048 820 4054 ,
