2866 4804
816 430 861 499 tc

327 609 395 655 ram
414 589 507 672 fidem
528 587 579 654 dei
600 587 790 656 evacuavit?
823 589 921 654 Adsit.
958 590 1018 656 Est
1035 592 1115 657 enim
1136 591 1216 656 deus
1236 611 1344 674 caca,

328 710 426 772 omnis
456 715 556 770 cutem
583 708 673 770 lamo
702 707 848 770 mendac.
904 707 966 773 Stet
983 701 1008 786 ⁷)
1038 707 1247 772 confessorum
1276 725 1344 790 pars

328 821 422 884 maior
452 827 482 883 et
513 819 619 886 melior
651 824 680 885 in
715 821 785 886 fidei
819 839 892 886 suae
924 823 1035 886 robore
1070 832 1101 887 et
1136 825 1165 886 in
1200 823 1278 906 legis
1310 841 1344 886 ac

329 934 500 1016 disciplinae
535 913 701 998 dominicae
734 935 876 1014 veritate,
914 953 972 997 nec
1008 935 1045 998 ab
1084 936 1233 999 ecclesiae
1269 955 1342 1018 pace

300 1047 483 1111 ediscedunt
505 1049 555 1130 qui
577 1067 612 1112 se
641 1049 671 1111 in
701 1048 830 1112 ecclesia
858 1049 983 1130 gratiam
1013 1049 1196 1114 consecutos
1227 1049 1265 1114 de
1297 1050 1344 1114 dei

328 1161 498 1246 dignatione
538 1162 749 1240 meminerunt,
792 1167 880 1244 atque
896 1157 925 1240 ⁸)
965 1163 1023 1226 lroo
1065 1164 1132 1245 ipso
1170 1164 1343 1245 ampliorem

261 1309 267 1324 ·
327 1281 528 1360 consecuntur
549 1275 618 1338 lidei
641 1293 714 1338 suae
742 1274 876 1354 laudern,
907 1275 988 1356 quod
1018 1277 1053 1338 ab
1084 1295 1189 1339 eorum
1222 1276 1342 1357 perfidia

327 1387 496 1471 segregati,
520 1387 626 1466 quibus
650 1387 741 1448 iuncti
764 1385 966 1450 confessionis
990 1389 1144 1452 consortio
1169 1383 1305 1467 luerunt,
1329 1410 1343 1452 a

326 1501 467 1583 contagio
490 1487 619 1563 criminis
649 1507 858 1579 recesserunt,
891 1519 964 1564 vero
996 1500 1159 1565 induminali
1193 1503 1342 1586 evangelii

291 1614 453 1692 uolumine,
475 1628 551 1693 pura
574 1617 603 1674 et
626 1611 751 1675 candida
774 1610 886 1676 domini
907 1612 974 1675 luce
996 1612 1117 1691 radiati,
1141 1619 1200 1678 tam
1223 1623 1292 1680 sunt
1316 1618 1343 1679 in

328 1726 534 1791 conservanda
552 1724 659 1790 Christi
678 1744 752 1808 pace
774 1725 948 1804 laudabiles,
971 1744 1059 1806 quarn
1083 1726 1205 1791 suerunt
1226 1730 1257 1793 in
1280 1727 1344 1792 dia-

327 1841 389 1904 boli
411 1839 629 1923 congressione
653 1838 792 1901 victores.

787 2036 886 2130 xm.

416 2181 493 2264 Opto
510 2179 533 2259 ¹)
556 2178 713 2261 equidem,
737 2177 919 2242 dilectissimi
943 2179 1062 2259 iratres,
1085 2187 1115 2242 et
1137 2182 1266 2245 consulo
1288 2198 1342 2263 pa-

327 2294 401 2358 riter
431 2301 462 2356 et
494 2292 623 2369 suadeo,
656 2297 703 2368 ut,
735 2290 761 2352 si
789 2290 854 2354 lieri
885 2297 1001 2373 potest,
1032 2309 1120 2355 nemo
1147 2293 1185 2359 de
1208 2294 1342 2358 fratribus

327 2419 537 2432 mn...-

398 2468 426 2531 7)
444 2470 502 2520 Stat
521 2476 608 2520 autem
625 2462 670 2516 Ba.
707 2463 776 2515 ldem
796 2474 820 2517 et
840 2467 905 2532 fidei·
924 2480 971 2532 pro
996 2469 1024 2518 ia
1047 2469 1114 2534 fidei.
1151 2467 1291 2536 Praeposit.
1317 2468 1343 2518 in

328 2571 378 2608 om.
396 2552 444 2605 Bb.
479 2552 541 2605 Post
565 2555 662 2606 rotare
687 2552 713 2602 in
739 2549 776 2602 Ba
802 2552 927 2618 repetitur
953 2563 1014 2606 stat.
1052 2553 1182 2623 Deinceps
1208 2555 1295 2622 partic.
1321 2559 1344 2604 et

328 2651 373 2700 <uc
391 2631 480 2693 scribit
497 2639 531 2702 Α)
550 2639 609 2690 defit
637 2641 662 2690 io
681 2637 727 2690 dic.
765 2638 840 2702 Quod
867 2639 1027 2708 subsequitur
1053 2645 1081 2694 in
1108 2645 1229 2695 omissum
1255 2647 1293 2693 est
1319 2639 1342 2689 in
1420 2707 1421 2720 ἵ

329 2730 398 2794 Ver,
418 2745 517 2781 erasum
535 2728 561 2778 in
574 2725 623 2778 llb.
653 2726 722 2777 ldem
739 2726 803 2778 liber
816 2725 914 2778 llonac.
927 2742 973 2794 pro
992 2732 1103 2782 veritate
1119 2730 1193 2796 ponit
1211 2742 1342 2782 irremorce.

328 2815 406 2868 Paulo
429 2823 487 2883 post
512 2824 689 2884 consequutcs
714 2812 764 2865 Md.
808 2813 840 2877 8)
861 2814 898 2865 lta
916 2814 974 2866 Ver.
994 2832 1035 2882 ap.
1054 2815 1146 2884 lligalt.
1172 2819 1209 2883 (in
1235 2814 1342 2880 Gotting.

329 2905 395 2955 libro
421 2903 454 2954 de
478 2901 502 2954 lo.
522 2902 537 2954 l.
558 2902 636 2954 altum
660 2902 788 2954 silentium
814 2904 864 2970 est)
884 2903 923 2954 W.
942 2902 1024 2955 llnbd.
1043 2901 1106 2955 Bab.
1125 2903 1148 2954 Α
1167 2913 1193 2956 et
1211 2919 1248 2971 pr.
1264 2900 1305 2952 dle
1322 2914 1343 2948 e.

331 2990 389 3042 edd.
413 2989 499 3042 Belua.
525 2998 600 3059 atque
634 2989 741 3053 Gelda,
773 2992 845 3060 atqui
879 2990 1032 3058 exemplaria
1065 2999 1124 3042 ante
1157 2991 1244 3044 Belua.
1269 2989 1343 3041 edita.
1419 3027 1420 3052 q

329 3077 396 3131 Dein
415 3078 474 3130 Ver.
492 3084 542 3132 loc
561 3081 620 3148 ipsa
638 3081 765 3132 maiorem
785 3107 816 3116 -
835 3081 895 3146 tides·
912 3095 980 3132 cuae
998 3082 1110 3145 tandeim
1133 3082 1212 3132 immo
1231 3078 1343 3146 emptio·
1419 3075 1420 3124 l

266 3187 271 3196 ’
330 3184 394 3219 rem.
431 3163 585 3234 scripturam
612 3174 792 3220 consecrentur
818 3167 959 3233 recepimus
986 3183 1000 3217 e
1026 3166 1066 3216 W.
1091 3165 1171 3220 llabc.
1197 3164 1232 3217 Ba
1261 3171 1287 3214 et
1313 3159 1343 3222 Α,

331 3255 442 3322 itemque
454 3252 511 3306 edd.
526 3262 598 3318 vett,
618 3254 638 3304 si
650 3251 861 3304 Daventrienscm
875 3254 995 3320 excipias.
1027 3252 1067 3306 Sic
1086 3253 1154 3306 euim
1172 3253 1263 3322 passim
1280 3265 1343 3319 par·

331 3350 478 3407 secuntur,
499 3351 641 3405 secuntur,
665 3343 799 3405 locuntur,
824 3344 932 3395 aculeus
952 3339 1072 3409 Cypriani
1091 3341 1164 3395 codd.
1184 3340 1342 3408 antiquiores,

330 3428 406 3478 immo
433 3435 459 3478 et
485 3427 654 3479 recentiorum
673 3443 736 3478 unus
756 3435 782 3478 et
800 3426 872 3479 alter.
910 3425 983 3480 Geni.
1003 3427 1113 3496 Sillig.
1132 3427 1214 3481 Praei.
1233 3426 1265 3478 ad
1283 3423 1343 3476 Plio.

332 3522 381 3566 nat.
401 3513 459 3566 hiet.
478 3513 538 3583 Peg.
556 3512 648 3565 LXXII.
685 3513 733 3565 Pro
759 3518 826 3584 qaod
845 3515 868 3565 Α
886 3533 943 3584 quo.
980 3513 1041 3566 Tum
1066 3526 1187 3586 segregat
1205 3514 1237 3565 W
1255 3521 1280 3564 et
1298 3508 1343 3560 lla.
1418 3501 1419 3530 ³

332 3604 420 3656 Statim
446 3608 541 3674 quitus
566 3619 611 3671 pro
630 3602 698 3671 vulg.
717 3605 762 3672 qai
786 3611 856 3656 recte
875 3602 932 3656 Ver.
953 3621 975 3655 o
994 3604 1024 3655 Α.
1062 3602 1162 3656 Deinde
1187 3603 1270 3656 cincti
1296 3594 1342 3648 did·

310 3689 391 3741 ·llox
409 3710 425 3744 a
443 3694 594 3760 contagione
611 3688 650 3742 lla
670 3697 695 3740 et
712 3688 758 3741 Ba.
795 3689 873 3742 Paulo
892 3698 951 3758 post
977 3693 1123 3746 illuminati
1148 3707 1212 3744 earo
1240 3697 1266 3740 et
1289 3689 1344 3739 luco

332 3779 432 3831 domini
449 3776 479 3830 Α.
515 3776 541 3828 ln
560 3793 632 3847 seqq.
652 3787 717 3832 sunt
735 3793 754 3828 r.
774 3794 804 3828 m.
824 3777 921 3829 addidit
938 3780 961 3830 io
981 3777 1030 3829 Mb.
1066 3777 1133 3829 lnira
1152 3794 1230 3847 qaam
1251 3770 1344 3828 diaboli

331 3868 442 3935 [ueneat
459 3867 576 3932 (fucrant
594 3865 628 3931 Α)
647 3868 675 3920 ia
694 3869 883 3935 cottqreceionc
901 3869 1018 3920 victorae
1035 3864 1082 3918 Bb.

405 3950 466 4004 lllll.
495 3951 522 4014 l)
541 3955 640 4007 Hortor
655 3952 714 4004 Ver.
745 3950 806 4004 Tum
824 3957 928 4023 quidem
940 3952 969 4005 Α.
1000 3952 1028 4004 ln
1047 3953 1159 4008 clausula
1178 3955 1268 4007 tinum
1286 3949 1343 4014 (pro

215 4049 220 4056 ¹
334 4042 430 4104 unam)
449 4044 549 4109 gremio
567 4057 617 4095 sua
635 4043 753 4111 gaudeat
772 4055 787 4092 ι
807 4055 838 4094 m.
857 4057 906 4110 pn,
925 4057 941 4094 a
958 4056 1011 4096 seo.
1025 4045 1090 4098 sinu
1107 4041 1257 4113 gremiicui
1267 4035 1343 4107 gaud·
