2872 4806
574 413 616 484 65

95 581 254 658 μακαρία
274 593 342 638 mee
364 593 427 640 non
442 574 684 651 observaverint,
708 572 841 638 visitabo
863 571 897 637 in
910 569 1000 654 eirpe
1019 569 1105 657 fect·

98 707 171 750 noro
200 705 303 750 eoram
335 694 364 750 et
396 689 430 750 in
448 683 580 768 [tapetiis
601 685 714 748 delicto
738 703 852 748 eorum.
898 687 1104 752 Praenuntiete

99 806 160 862 sunt
181 801 236 864 ista
259 801 346 865 nobis
360 795 401 878 ¹⁸)
425 806 456 862 et
477 807 547 863 ente
570 798 730 882 praedicte.
770 799 828 864 Sed
845 818 901 864 nos
918 800 1005 864 datae
1027 802 1104 886 legis

98 907 173 990 et¹⁹)
195 913 414 976 observationis
437 913 616 976 inmemores
638 911 668 974 id
693 912 809 994 egimus
832 931 887 993 per
909 920 1012 978 nostre
1029 901 1132 997 pec-v¹

77 1033 165 1106 sonte,
187 1034 228 1106 ut,
253 1027 322 1089 dum
345 1025 456 1088 domini
478 1022 614 1086 mandatu
634 1005 861 1102 contemnimus,
885 1024 922 1087 ad
938 1029 1108 1091 correctio-

97 1159 159 1202 nem
189 1139 287 1203 delicti
322 1147 351 1202 et
383 1139 591 1221 probationem
624 1135 693 1199 iidei
727 1136 867 1199 remediis
904 1130 1109 1204 severioribus

98 1255 269 1318 veniremus.
314 1253 378 1316 Nec
408 1248 566 1328 sattenw)
590 1268 661 1314 sero
691 1251 831 1314 conversi
861 1250 899 1313 ad
928 1250 1039 1316 donnini
1068 1255 1110 1317 ti-

98 1386 204 1432 morem
220 1385 333 1447 sumus‚
356 1373 388 1430 ut
403 1366 480 1428 hanc
496 1366 719 1448 eorreptionem
735 1371 868 1427 nostram
883 1367 1110 1446 probationem-

99 1501 151 1564 que
172 1482 301 1546 divinam
322 1483 470 1564 patienter
493 1487 523 1544 et
547 1479 666 1544 fortiter
688 1480 866 1542 subiremus.

577 1678 618 1744 V.

69 1839 89 1884 o
178 1824 226 1891 nd
266 1825 360 1907 prime
397 1823 494 1888 stetim
530 1823 623 1886 verbe
652 1821 788 1886 minantis
822 1823 933 1885 inimici
965 1822 1109 1885 maximus

100 1937 214 2000 fratrum
235 1954 381 2002 numerus
404 1936 491 1999 iidem
514 1954 598 1998 suam
620 1935 766 2018 prodidit,
794 1954 851 1999 neo
873 1941 1039 2018 prostratus
1064 1942 1110 1998 est

100 2053 312 2134 persecutionis
336 2052 449 2133 inpetu,
472 2049 527 2113 sed
550 2050 719 2113 voluntario
742 2049 826 2131 lapsu
849 2068 883 2113 se
899 2048 924 2127 ¹)
947 2053 1013 2132 ipse
1035 2067 1112 2132 pro·

100 2167 207 2230 stravit.
255 2145 388 2244 onid⁹)‚'
404 2183 470 2252 oro,
493 2164 672 2243 inauditum,
699 2165 769 2246 quid
791 2183 901 2228 novum
925 2171 1059 2243 venerut,
1081 2170 1114 2226 ut
1158 2179 1163 2208 ··

104 2279 178 2342 uelut
199 2277 361 2360 incognitis
384 2282 473 2357 atque
496 2276 653 2357 inopinatis
677 2277 768 2338 rebus
792 2277 905 2338 exortis
929 2277 1035 2340 Christi
1059 2297 1113 2340 sa·

73 2399 280 2456 recrementum
303 2357 478 2454 temeritate
492 2389 644 2471 praecipiti
667 2388 863 2452 solveretur?
908 2390 1016 2454 Nonne
1039 2390 1115 2453 baec

107 2579 309 2590 --—-—--—--

103 2687 156 2738 item
164 2687 222 2741 Ver.
236 2695 265 2739 et
275 2685 354 2755 Neep.
382 2684 430 2754 18)
442 2688 519 2739 nobis
532 2701 632 2754 quoque
643 2687 697 2738 ieta
707 2683 757 2736 bib.
788 2685 831 2751 19)
844 2685 1054 2740 coniunctionem
1067 2703 1116 2742 em.

104 2771 130 2825 Α.
146 2773 210 2826 Dein
219 2778 248 2829 id
260 2777 363 2843 opimus
371 2775 539 2824 immemores
547 2780 709 2839 perpeceotu
719 2781 812 2826 nostro
822 2774 923 2824 inverso
933 2775 1022 2826 ordine
1037 2775 1114 2827 habet

104 2857 148 2911 bib.
167 2859 284 2913 Proxime
293 2873 339 2927 pro
349 2862 411 2924 dum
419 2861 444 2909 in
454 2861 477 2909 Α
487 2857 604 2909 scribitur
614 2862 747 2926 quomodo.
766 2859 826 2912 Post
838 2877 900 2912 vero
913 2866 1118 2931 contempsimus

105 2955 139 2998 est
156 2951 181 2999 in
198 2947 258 3001 edd.
277 2946 398 2999 Deventr.
418 2953 445 2998 et
461 2945 565 3009 Pemei.‚
584 2944 642 2996 dein
661 2948 696 2998 nd
715 2951 904 3016 eorreptionem
922 2951 1012 3001 delicti
1028 2950 1053 2999 in
1067 2947 1115 3001 bib.

105 3031 153 3086 Bab
176 3031 364 3101 et.exempieri
382 3030 479 3083 bioreli.
515 3030 577 3082 Tum
591 3033 750 3086 'senioribus
771 3033 796 3083 in
816 3032 865 3086 bib.
901 3033 949 3085 Pro
967 3040 1120 3090 veniremus

106 3122 128 3172 in
150 3123 188 3176 ed.
207 3111 379 3175 nanutnmn'
401 3133 536 3186 operarum
562 3119 622 3170 uitio
648 3119 749 3186 irrepsit
774 3137 922 3174 urerentur.
961 3121 1008 3187 20)
1030 3126 1120 3176 sattim

345 3224 356 3259 e

20 3313 24 3406 ν
107 3277 134 3328 W
154 3286 179 3330 et
204 3279 260 3344 bia,
283 3279 379 3361 enitere
400 3265 450 3329 tib.
486 3275 545 3326 Mox
563 3278 640 3329 deum
657 3291 704 3343 pro
723 3276 882 3332 dominibid.
913 3277 974 3331 Tum
988 3281 1076 3333 rimus
1089 3277 1119 3332 Α.
1169 3315 1174 3326 .

20 3425 21 3446 p
108 3379 177 3444 Quod
200 3383 314 3452 sequitur
336 3390 366 3435 ot
390 3381 415 3431 in
433 3379 466 3430 W
484 3379 644 3432 emendatum
664 3397 695 3433 ex
713 3391 744 3435 et.
763 3380 847 3433 uDein
865 3380 906 3432 bia
925 3389 952 3432 et
969 3381 1000 3434 Α.
1020 3399 1042 3435 c.
1061 3381 1121 3435 edd.

108 3465 243 3522 Manutirna
262 3470 445 3538 antiquioribus
464 3468 584 3522 exhibent
604 3475 801 3524 correctionem.
838 3470 864 3522 in
885 3470 995 3525 clausule
1014 3481 1039 3524 et
1058 3475 1121 3540 for-

108 3558 164 3610 titer
182 3573 231 3610 om.
251 3557 309 3610 edd.
329 3556 479 3610 Gravianem
498 3558 689 3610 antecedentes.
726 3558 785 3623 Md,
810 3575 823 3610 e
843 3573 892 3627 quo
916 3556 990 3610 ebest
1006 3561 1121 3626 fortiter,

109 3640 154 3694 hoc
171 3645 262 3698 vocab.
281 3662 296 3697 a
312 3663 333 3699 r.
351 3663 388 3700 m.
403 3662 479 3714 supra
496 3649 626 3716 patienter
644 3646 756 3699 additum
775 3645 861 3699 babet.

75 3735 78 3748 '
134 3797 136 3802 ,
173 3732 202 3786 V.
232 3733 259 3803 1)
284 3752 315 3790 ee
338 3749 352 3786 e
379 3750 444 3786 corr.
470 3751 503 3784 nn.
523 3735 720 3802 superscriptum
744 3736 769 3785 in
788 3732 827 3785 W.
873 3733 901 3802 2)
921 3730 1009 3785 Omisit
1032 3748 1071 3801 pr.
1088 3751 1121 3786 m.

21 3827 22 3886 ζ
111 3817 134 3867 in
150 3817 196 3872 bic.
232 3819 297 3874 Dein
322 3841 386 3887 ero,
409 3825 561 3876 mandatum
585 3823 675 3873 vitiose
694 3821 725 3874 Α.
761 3821 818 3874 biox
839 3831 960 3876 euenerat
977 3820 1024 3874 Bb.
1061 3821 1123 3873 Tum

112 3908 178 3960 neten
195 3924 210 3960 e
228 3925 260 3962 m.
277 3926 330 3979 pm,
349 3926 365 3961 a
384 3926 404 3962 r.
423 3913 506 3964 octeni
523 3909 566 3975 W,
589 3913 673 3964 vetuti
691 3909 755 3963 bibe.
773 3910 810 3962 Ba
835 3917 862 3962 et
878 3909 909 3962 Α.
950 3908 1068 3961 Proxime
1090 3893 1139 3964 ω’,
1166 3912 1169 3917 “

21 4031 22 4050 1
112 3989 252 4062 inopinatis
269 3995 317 4051 bia.
353 3996 452 4050 Deinde
470 3979 591 4052 erbordo
608 3994 653 4049 Be.
1098 3981 1100 3988 ¹

895 4093 914 4158 5
