2872 4806
584 451 625 518 tt

109 603 202 668 solutis
224 623 259 670 oo
281 605 361 670 sedis
391 615 533 674 aeternae
563 614 690 696 iactura,
722 617 865 681 timeatur.
911 618 1021 685 Clamat
1043 641 1115 686 ecce

108 737 157 799 per
176 721 346 802 prophetam
369 721 499 804 spiritus
518 732 639 789 sanetus
656 724 700 805 ⁵):
730 726 934 812 oboediat),
956 733 1113 812 discedite,
1156 791 1161 801 .

108 835 181 896 cette
202 835 272 897 inde
295 843 325 898 et
346 837 523 901 innuendam
545 840 639 902 notite
662 849 806 922 tanqam
836 845 918 906 acite
949 847 988 909 dc
1017 850 1115 912 medio

107 947 179 1023 etas,
202 948 391 1026 separamini
409 941 435 1026 ¹)
457 950 509 1030 qai
529 951 622 1031 sertis
643 970 721 1014 oasa
742 953 867 1016 domini.
911 955 948 1018 Et
972 961 1022 1038 qui
1044 978 1116 1023 vasa

86 1066 167 1122 esunt
188 1060 297 1125 domini
317 1055 344 1134 ⁸)
368 1079 403 1124 ac
426 1062 566 1144 templum
590 1063 655 1144 dei,
678 1084 717 1127 ne
741 1067 912 1130 inmundum
936 1076 1062 1154 tangere
1086 1081 1116 1137 et

106 1171 240 1238 feralibus
264 1175 338 1237 cibis
362 1175 454 1257 pollui
478 1177 644 1259 violarique
667 1188 832 1260 cogantur,
859 1200 921 1244 non
944 1193 1055 1248 exeunt
1080 1185 1117 1250 de

104 1285 205 1366 medio,
228 1305 286 1349 nec
309 1286 462 1352 recedunt.
501 1288 580 1351 Alibi
596 1307 716 1371 quoque
732 1287 833 1369 vox⁹)
858 1293 1009 1360 auditore
1032 1301 1117 1364 caelo

104 1417 312 1482 praemonens,
343 1402 413 1484 quid
443 1402 493 1468 dei
523 1421 629 1468 servos
658 1404 760 1470 lacere
788 1411 964 1491 conveniat,
996 1413 1116 1479 dicens:

104 1514 161 1578 tat
176 1511 211 1592 ¹⁰)
234 1517 273 1578 de
296 1535 344 1593 eo,
365 1518 500 1598 populos
521 1537 617 1594 meos,
641 1538 679 1581 ne
700 1522 859 1601 particeps
873 1525 919 1586 sis
934 1527 1118 1592 delictorum

74 1630 174 1708 taetus,
197 1637 227 1692 et
247 1649 287 1694 nc
305 1632 531 1712 perstriaporis
546 1631 653 1714 'plapis
675 1634 750 1696 eius.
790 1635 846 1710 Qui
863 1640 925 1699 exit
941 1647 970 1702 et
987 1640 1064 1704 cedit
1079 1641 1115 1722 ¹¹)

104 1741 194 1806 delicti
222 1745 372 1827 particeps
403 1762 465 1807 noo
495 1744 534 1808 lit
579 1745 679 1830 Plagis
709 1765 783 1812 vero
816 1757 845 1812 et
876 1752 941 1832 ipse
963 1757 1115 1834 perstrin-

103 1858 175 1939 gitur
196 1854 236 1936 12)
271 1859 320 1940 qui
343 1859 445 1922 socios
468 1858 599 1920 criminis
623 1861 780 1924 invenitur.
826 1863 863 1926 Et
884 1863 954 1929 ideo
978 1866 1115 1932 dominus

103 1971 129 2034 in
141 1968 179 2049 13)
203 1973 416 2055 persecutione
439 1972 586 2038 secedere
610 1979 639 2036 et
661 1973 769 2057 fugere
792 1979 950 2060 mandavit,
973 1986 1062 2063 atqua
1081 1991 1114 2046 ut

102 2197 130 2248 W
139 2215 158 2252 r.
170 2217 201 2253 m.
218 2199 323 2254 addidit.
351 2199 399 2252 Pro
414 2205 566 2272 parendoque
578 2202 604 2251 in
617 2201 649 2251 W
661 2208 714 2252 erat
727 2219 860 2270 quamque.
897 2203 926 2272 4)
941 2207 972 2259 tJt
986 2208 1114 2262 clarium

102 2287 154 2338 dunt
171 2287 260 2342 Remb.
279 2287 378 2340 Erasm.
397 2287 471 2340 Grau.
489 2287 581 2340 Manat.
600 2287 693 2341 Pamol.
713 2287 904 2356 Rigalt-Onon.
949 2291 977 2342 ln
997 2293 1053 2344 cod.
1074 2294 1114 2346 ttb

101 2389 146 2427 ree.
163 2377 208 2428 ista
228 2392 316 2427 manus
335 2384 437 2443 etpost
456 2378 583 2430 Christus
602 2377 788 2445 superscripsit.
825 2376 876 2428 Sed
901 2387 930 2431 at
955 2395 1050 2431 merum
1076 2389 1115 2434 est

100 2443 226 2530 glossema,
247 2463 314 2532 quod
333 2462 389 2514 rell.
407 2462 464 2516 libri
485 2465 581 2532 scripti,
601 2466 626 2515 in
645 2463 735 2532 quibus
755 2472 812 2516 sunt
830 2467 905 2516 etiarn
919 2475 1036 2533 quattuor
1048 2468 1115 2535 Vat,

99 2551 201 2620 itemque
229 2551 291 2603 editi
317 2559 388 2602 recte
413 2551 539 2602 omittunt.
582 2555 729 2621 [depositio
755 2555 843 2620 (supra
872 2563 951 2607 notat.
977 2555 1009 2608 ab
1035 2573 1055 2607 r.
1081 2574 1115 2608 m.

100 2641 218 2694 Cbristns
238 2639 285 2706 al.)
304 2639 382 2690 babet
395 2638 441 2690 Mc.
479 2637 537 2690 Mox
555 2649 676 2694 oetmmae
694 2641 718 2690 in
735 2639 765 2690 W
779 2655 844 2692 corr.
858 2657 889 2692 m.
910 2643 954 2694 iot.
973 2659 997 2695 v.
1011 2642 1114 2696 addidit.

99 2723 161 2776 ldem
184 2727 252 2778 liber
275 2727 342 2778 male
367 2726 454 2777 scribit
478 2731 625 2781 timeantur.
660 2727 688 2790 5)
715 2730 817 2782 Clamat
840 2731 958 2782 dominas
981 2749 1029 2801 per
1045 2749 1113 2801 pro-

97 2817 183 2882 pbetas
207 2818 298 2870 sancti
320 2819 438 2884 spiritus
463 2816 501 2880 (iu
526 2815 588 2879 ras.)
615 2814 718 2866 exhibet
736 2814 789 2880 tta,
817 2820 895 2869 otiam
917 2831 964 2882 pro
989 2833 1048 2870 acce
1066 2816 1113 2883 Bb,

98 2918 141 2968 per
156 2907 296 2971 propbetas
315 2902 355 2968 W,
373 2912 485 2958 sanetas
502 2905 621 2972 spiritus
633 2900 681 2966 Bb,
700 2905 814 2971 spiritus
833 2907 921 2954 sancti
934 2902 982 2954 tto.
1013 2905 1041 2969 6)
1057 2904 1114 2957 Vid.

98 2985 176 3042 Hesai.
191 2989 235 3055 52,
253 2988 293 3040 11.
328 2989 359 3052 7)
373 2999 397 3043 et
407 2992 572 3058 separamini
584 2987 634 3052 Mla,
648 2991 814 3042 mandamini
825 2988 914 3040 Remb.
927 2989 1023 3042 Ernsm.
1038 2991 1113 3044 Grau.

99 3072 185 3127 Maoot.
203 3076 285 3144 Marg.
304 3076 345 3129 ed.
368 3074 441 3128 Grav.
460 3079 620 3145 separamini
644 3091 731 3126 errore
756 3075 924 3142 typothetieo.
967 3077 1114 3131 Laelionam

99 3168 259 3234 separamini
283 3165 431 3217 confirmant
455 3178 505 3217 non
531 3163 612 3215 solum
640 3163 695 3216 rell.
714 3162 773 3214 libri
798 3179 872 3214 manu
892 3166 986 3214 exorati
1004 3172 1031 3214 et
1047 3167 1115 3233 typis

100 3253 217 3318 expressi,
236 3251 283 3304 sed
302 3252 377 3304 etiam
391 3251 450 3302 Ver.
471 3258 497 3302 ct
515 3251 565 3302 duo
585 3249 667 3318 Neap.
705 3248 732 3312 8)
753 3248 936 3300 Desiderantur
953 3250 1017 3301 baec
1035 3251 1115 3302 verba

23 3333 24 3348 ¹
99 3336 120 3388 iu
137 3341 173 3404 A;
190 3349 257 3394 suist
274 3357 342 3394 oasa
360 3338 454 3406 legitur
472 3340 497 3390 in
516 3338 574 3392 edd.
594 3337 736 3389 Manutiana
755 3336 946 3405 antiquioribus.
985 3335 1073 3388 Statim
1091 3347 1115 3390 et

99 3425 152 3493 (pro
170 3429 218 3491 ae)
237 3429 363 3495 temptum
381 3425 459 3478 babet
476 3425 527 3490 tta,
546 3429 641 3494 tempto
661 3423 717 3488 ub,
740 3433 766 3478 at
783 3439 830 3490 pro
850 3441 883 3476 ne
901 3422 956 3488 Ma,
981 3434 1116 3495 temperent

23 3493 24 3536 ¹
98 3514 143 3580 tlt,
159 3519 298 3587 feracibus
316 3513 364 3580 Bb,
384 3529 492 3582 moxque
513 3514 645 3584 captentur
662 3512 710 3563 Ma.
747 3511 774 3575 9)
793 3529 849 3566 voc
867 3514 1008 3580 quoqned.
1051 3509 1113 3562 'l'um

98 3607 239 3660 exauditur
256 3602 303 3654 Bb.
340 3601 440 3654 Deinde
457 3605 611 3672 prominens
630 3599 662 3665 Α,
681 3616 855 3668 praemonens
873 3601 964 3652 dicens
982 3601 1050 3668 qnod
1066 3597 1112 3653 Bb.

98 3687 176 3744 Primo
195 3695 255 3761 qai,
276 3668 308 3742 εὶ
326 3707 374 3742 em.
394 3707 414 3743 r.
432 3707 464 3742 m.
484 3693 547 3760 quid
564 3688 612 3753 W;
637 3699 662 3743 et
679 3691 743 3742 dicit
760 3686 809 3739 tlt.
845 3684 902 3736 tid.
921 3683 1002 3751 Apoc.
1024 3684 1069 3750 18,
1088 3685 1113 3737 t.

100 3777 141 3842 10)
159 3782 244 3834 idoeita
266 3782 297 3833 de
320 3795 351 3832 eo
369 3777 420 3842 Ba,
438 3781 510 3832 emito
528 3795 559 3833 ec
575 3775 629 3841 Bb,
655 3778 703 3830 esci
729 3777 751 3838 (i
775 3775 799 3825 in
824 3777 885 3838 ras.)
903 3772 943 3824 W.
980 3774 1050 3824 ldem
1074 3789 1111 3840 pr.

99 3871 217 3933 popolus.
252 3865 278 3918 lu
302 3865 412 3918 clausula
438 3869 497 3919 eius
522 3867 640 3917 omissum
663 3867 688 3914 in
706 3862 737 3915 A.
755 3862 821 3923 .11)
843 3863 965 3915 ceciderit
983 3859 1013 3912 A.
1050 3860 1113 3911 Tum

23 3929 24 3986 ¹
99 3953 250 4008 delictorum
281 3957 341 4024 ejas
371 3957 506 4024 particeps
539 3952 586 4004 tta.
638 3951 683 4018 12)
712 3952 905 4018 constrinpitur
927 3947 973 4000 Bb.
1000 3947 1057 4000 bled
1085 3953 1111 3998 et

23 4031 24 4052 ¹
100 4050 156 4095 vett.
175 4044 250 4111 edd,
274 4039 455 4098 item’Erasm.
481 4051 557 4114 atque
584 4043 677 4096 Manat.
722 4041 770 4110 13)
789 4045 818 4095 in
842 4055 856 4092 a
881 4055 901 4092 r.
919 4053 952 4088 m.
970 4035 1047 4088 habet
1063 4034 1110 4088 tte.
