2872 4806
793 439 827 495 vt

299 605 454 688 opuscula,
477 621 555 684 quae
577 602 634 665 bac
657 601 790 666 editione
812 601 969 665 benevolis
991 601 1155 666 lectoribus
1175 603 1320 669 emenda-

297 729 372 791 tiora
389 727 578 804 exhibentur,
595 726 625 788 in
642 725 787 808 integram
803 724 961 787 lectionem
976 723 1153 788 restituendi
1165 726 1320 790 consilium

297 850 382 931 cepi,
414 849 555 930 optimum
585 864 655 910 esse
687 845 757 908 mibi
788 844 885 908 visum
916 849 963 908 est
985 843 1121 909 codicum
1144 849 1321 930 antiquissi-

296 991 412 1037 morum
444 979 475 1035 et
501 969 823 1054 praestantissimorum
846 967 962 1050 copiam
984 965 1117 1049 undique
1139 971 1321 1052 conquirere

297 1095 346 1158 vel
368 1094 515 1158 lectiones
541 1095 691 1158 variantes
723 1111 763 1155 ex
795 1091 941 1155 eiusmodi
971 1093 1054 1157 libris
1085 1099 1220 1158 enotatas
1252 1096 1322 1159 mibi
1409 1153 1412 1160 .

296 1237 489 1301 comparare,
519 1237 577 1282 nec
606 1235 668 1280 non
684 1216 880 1296 ‚recentiores
904 1233 1026 1298 quoquc
1050 1216 1267 1298 manuscriptos
1290 1217 1321 1278 in

298 1361 384 1406 usum
407 1360 504 1405 meum
529 1346 717 1404 convertere.
1016 1317 1022 1322 ¹

383 1463 415 1526 ln
434 1461 573 1548 codicum
597 1479 741 1545 numero,
769 1477 846 1541 quos
869 1460 935 1542 ipse
966 1461 1094 1540 contuli,
1126 1460 1247 1525 luerunt
1274 1461 1321 1524 bi:

382 1583 403 1648 l.
441 1585 477 1648 W
514 1619 555 1628 —
588 1581 655 1646 cod.
689 1581 824 1664 theolog.
859 1581 1134 1667 Wiirzeburgensis
1165 1583 1217 1646 Nr.
1251 1580 1321 1648 145.

298 1709 559 1786 membranaceus,
589 1723 668 1767 saec.
692 1703 770 1784 Vll,
800 1703 829 1765 in
864 1702 933 1783 iol,
957 1711 1098 1769 constans
1130 1706 1209 1771 loliis
1240 1704 1322 1802 136,

298 1831 472 1894 charactere
495 1826 725 1912 longobardico
749 1825 939 1908 diversisque
964 1829 1097 1892 manibus
1123 1837 1263 1893 exaratus
1295 1834 1323 1892 et

300 1955 329 2017 in
353 1955 388 2016 iis
412 1951 552 2036 Cypriani
578 1952 752 2028 codicibus,
785 1949 836 2029 qui
869 1950 898 2012 in
922 1947 1106 2013 Germanicis
1129 1959 1324 2015 asservantur

300 2075 497 2155 bibliothecis,
520 2074 738 2138 vetustissimus
758 2091 793 2135 ac
809 2073 1090 2154 praestantissimus,
1115 2094 1214 2155 quem,
1242 2075 1323 2156 quod

301 2198 338 2262 ad
365 2205 518 2262 externam
540 2197 606 2261 libri
631 2196 754 2260 sormam
779 2197 891 2275 attinet,
916 2202 1055 2258 accurate
1075 2195 1232 2279 descripsit
1252 2197 1322 2261 los.

301 2323 383 2386 Ant.
417 2321 602 2404 Oeggins
634 2323 663 2383 in
696 2321 772 2381 libro
805 2317 983 2381 nicrnacnlo:
1020 2317 1230 2404 Roroqroplple
1263 2333 1322 2385 bon

302 2441 481 2524 adtributa
528 2443 612 2505 Torn.
634 2442 654 2504 l.
678 2461 706 2522 p.
731 2439 794 2504 385
818 2459 883 2520 sqq.

388 2566 449 2628 Fol.
476 2563 612 2645 1-38,
643 2566 671 2627 b.
695 2565 884 2626 continentur
915 2569 977 2626 tres
1007 2566 1074 2627 libri
1102 2565 1138 2628 ad
1162 2567 1322 2642 Quirinum.

301 2687 333 2751 ln
369 2688 467 2752 fronte
500 2688 580 2751 nulla
614 2688 769 2770 inscriptio
778 2709 787 2766 3
821 2686 929 2751 desunt
963 2689 1039 2751 enirn
1073 2688 1139 2752 libri
1169 2689 1189 2752 l.
1222 2693 1323 2772 priora

303 2811 469 2892 quindecim
491 2813 602 2894 capita,
634 2812 703 2873 item
735 2813 846 2874 initium
878 2812 982 2893 capitis
1014 2812 1165 2875 sedecimi.
1222 2814 1325 2897 incipit

303 2934 438 2994 nimirum
471 2934 585 2996 codex:
619 2943 688 2996 etur
715 2943 745 2995 et
773 2953 886 2996 coenni
918 2935 1153 2998 caelebraretnr
1181 2933 1227 3020 (p.
1252 2934 1323 3000 280.
1429 2933 1430 2966 ³

303 3056 321 3118 l.
345 3053 374 3119 3.
398 3055 444 3117 ed.
467 3054 606 3140 Belua),
645 3057 706 3120 Fol.
733 3055 771 3137 7,
801 3076 826 3119 a.
850 3057 868 3118 l.
892 3053 921 3118 2.
946 3057 983 3119 ab
1015 3065 1089 3120 extr.
1119 3065 1189 3141 post
1216 3061 1325 3123 verba:

303 3179 337 3242 in
360 3197 483 3241 carnem
505 3180 629 3242 uenisse
652 3181 691 3240 dc
714 3180 774 3241 den
798 3187 845 3240 est
867 3179 921 3258 qut
943 3176 991 3261 (p.
1008 3177 1083 3242 288.
1111 3181 1129 3244 Ι.
1147 3179 1218 3264 22.)
1231 3201 1326 3244 conr·
1428 3229 1429 3265 ,

306 3302 390 3384 plura
414 3301 623 3365 desiderantur
646 3303 711 3364 sine
735 3302 795 3364 ullo
818 3301 944 3364 lacunae
967 3301 1084 3366 indicio.

392 3425 453 3490 Fol.
477 3423 537 3504 38,
568 3427 595 3488 b.
619 3429 754 3506 sequitur
785 3427 889 3490 incerti
911 3427 1042 3489 auctoris
1065 3427 1102 3490 de
1125 3425 1242 3488 iudicio
1265 3428 1326 3490 da·

304 3549 380 3610 mini
402 3567 526 3611 carmen
550 3545 627 3632 (vid.
652 3549 896 3611 'tertulliani
919 3547 1018 3631 Opera
1042 3547 1088 3611 ed.
1110 3547 1215 3631 Rigalt.
1234 3546 1311 3612 1641
1319 3597 1326 3610 .
1427 3525 1428 3556 ¹

307 3669 356 3733 iol.
381 3670 416 3734 ad
440 3672 511 3733 calc.
535 3690 562 3754 p.
586 3668 686 3754 808),
715 3671 795 3752 quod
821 3673 849 3734 in
872 3671 976 3734 codice
1000 3672 1186 3735 inscribitur:
1214 3672 1329 3752 incipit

308 3793 351 3854 od
373 3792 504 3855 Felicem
526 3813 637 3856 uersus
661 3794 699 3854 de
730 3794 960 3856 resurrectione
992 3800 1194 3869 mortuoram,
1225 3799 1256 3854 et
1282 3793 1327 3855 sic
1426 3831 1427 3840 .

308 3914 479 3978 exorditur:
513 3915 597 3990 Ouid
622 3917 696 3978 mibi
723 3917 878 3978 ruricolas
902 3916 1019 3980 obtccit
1040 3915 1176 3976 carmine
1197 3916 1327 3977 musas?

309 4037 424 4099 Desinit
447 4035 572 4117 t01.t3,
596 4058 622 4100 a.
645 4039 691 4102 bis
719 4040 835 4102 verbis:
867 4047 897 4138 et
917 4040 1046 4140 inettcrc
1064 4039 1131 4118 piis
1148 4035 1329 4120 [inprobant
