<?xml version="1.0" encoding="UTF-8"?>
<!DOCTYPE html PUBLIC "-//W3C//DTD XHTML 1.0 Transitional//EN"
    "http://www.w3.org/TR/xhtml1/DTD/xhtml1-transitional.dtd">
<html xmlns="http://www.w3.org/1999/xhtml" xml:lang="en" lang="en">
 <head>
  <title>
</title>
<meta http-equiv="Content-Type" content="text/html;charset=utf-8" />
  <meta name='ocr-system' content='tesseract 3.04.00' />
  <meta name='ocr-capabilities' content='ocr_page ocr_carea ocr_par ocr_line ocrx_word'/>
</head>
<body>
  <div class='ocr_page' id='page_1' title='image "./scaecilicyprian00krabgoog_0123.png"; bbox 0 0 2866 4804; ppageno 0'>
   <div class='ocr_carea' id='block_1_1' title="bbox 772 460 834 527">
    <p class='ocr_par' dir='ltr' id='par_1_1' title="bbox 772 460 834 527">
     <span class='ocr_line' id='line_1_1' title="bbox 772 460 834 527; baseline 0.032 -3"><span class='ocrx_word' id='word_1_1' title='bbox 772 460 834 527; x_wconf 77' lang='lat'>102</span> 
     </span>
    </p>
   </div>
   <div class='ocr_carea' id='block_1_2' title="bbox 231 589 1312 2182">
    <p class='ocr_par' dir='ltr' id='par_1_2' title="bbox 231 589 1312 2182">
     <span class='ocr_line' id='line_1_2' title="bbox 298 589 1312 700; baseline -0.008 -14"><span class='ocrx_word' id='word_1_2' title='bbox 298 623 389 700; x_wconf 86' lang='lat' dir='ltr'>Oood</span> <span class='ocrx_word' id='word_1_3' title='bbox 411 589 678 700; x_wconf 55' lang='lat' dir='ltr'>enfinpenseotnm</span> <span class='ocrx_word' id='word_1_4' title='bbox 699 639 797 681; x_wconf 88' lang='lat' dir='ltr'>menm</span> <span class='ocrx_word' id='word_1_5' title='bbox 811 613 840 696; x_wconf 78' lang='grc'>6)</span> <span class='ocrx_word' id='word_1_6' title='bbox 870 618 1018 680; x_wconf 78' lang='lat' dir='ltr'>viderunt</span> <span class='ocrx_word' id='word_1_7' title='bbox 1046 618 1129 680; x_wconf 86' lang='lat' dir='ltr'>oeoli</span> <span class='ocrx_word' id='word_1_8' title='bbox 1158 616 1204 678; x_wconf 75' lang='lat' dir='ltr'>ini</span> <span class='ocrx_word' id='word_1_9' title='bbox 1226 617 1258 678; x_wconf 77' lang='lat' dir='ltr'>ei</span> <span class='ocrx_word' id='word_1_10' title='bbox 1276 617 1312 679; x_wconf 82' lang='lat' dir='ltr'>in</span> 
     </span>
     <span class='ocr_line' id='line_1_3' title="bbox 297 726 1312 809; baseline -0.008 -9"><span class='ocrx_word' id='word_1_11' title='bbox 297 739 378 801; x_wconf 81' lang='lat' dir='ltr'>libro</span> <span class='ocrx_word' id='word_1_12' title='bbox 402 746 454 800; x_wconf 78' lang='lat' dir='ltr'>loo</span> <span class='ocrx_word' id='word_1_13' title='bbox 478 755 583 798; x_wconf 77' lang='lat' dir='ltr'>omnen</span> <span class='ocrx_word' id='word_1_14' title='bbox 605 732 802 807; x_wconf 62' lang='lat' dir='ltr'>scribentum</span> <span class='ocrx_word' id='word_1_15' title='bbox 825 739 855 795; x_wconf 84' lang='lat' dir='ltr'>ei</span> <span class='ocrx_word' id='word_1_16' title='bbox 876 735 982 796; x_wconf 73' lang='lat' dir='ltr'><strong>iterum</strong></span> <span class='ocrx_word' id='word_1_17' title='bbox 1000 726 1043 809; x_wconf 72' lang='grc'>7);</span> <span class='ocrx_word' id='word_1_18' title='bbox 1066 732 1165 796; x_wconf 82' lang='lat' dir='ltr'>Homo</span> <span class='ocrx_word' id='word_1_19' title='bbox 1188 727 1312 809; x_wconf 59' lang='grc'>111113)</span> 
     </span>
     <span class='ocr_line' id='line_1_4' title="bbox 295 845 1310 933; baseline -0.002 -21"><span class='ocrx_word' id='word_1_20' title='bbox 295 853 329 916; x_wconf 86' lang='lat' dir='ltr'>in</span> <span class='ocrx_word' id='word_1_21' title='bbox 357 853 487 933; x_wconf 85' lang='lat' dir='ltr'>sociem,</span> <span class='ocrx_word' id='word_1_22' title='bbox 521 850 597 912; x_wconf 82' lang='lat' dir='ltr'>deos</span> <span class='ocrx_word' id='word_1_23' title='bbox 628 849 662 909; x_wconf 88' lang='lat' dir='ltr'>in</span> <span class='ocrx_word' id='word_1_24' title='bbox 695 868 770 923; x_wconf 70' lang='grc' dir='ltr'>εον)</span> <span class='ocrx_word' id='word_1_25' title='bbox 804 850 869 930; x_wconf 89' lang='lat' dir='ltr'>ipso</span> <span class='ocrx_word' id='word_1_26' title='bbox 904 865 1025 929; x_wconf 85' lang='lat' dir='ltr'>quoque</span> <span class='ocrx_word' id='word_1_27' title='bbox 1057 845 1193 910; x_wconf 88' lang='lat' dir='ltr'>dominus</span> <span class='ocrx_word' id='word_1_28' title='bbox 1216 864 1310 929; x_wconf 82' lang='lat' dir='ltr'><strong>proe-</strong></span> 
     </span>
     <span class='ocr_line' id='line_1_5' title="bbox 296 955 1309 1046; baseline -0.007 -17"><span class='ocrx_word' id='word_1_29' title='bbox 296 972 413 1029; x_wconf 83' lang='lat' dir='ltr'>moneni</span> <span class='ocrx_word' id='word_1_30' title='bbox 436 973 466 1028; x_wconf 82' lang='lat' dir='ltr'>oi</span> <span class='ocrx_word' id='word_1_31' title='bbox 488 971 655 1046; x_wconf 76' lang='lat' dir='ltr'>praestruat</span> <span class='ocrx_word' id='word_1_32' title='bbox 677 958 836 1041; x_wconf 75' lang='lat' dir='ltr'>dicens⁹):</span> <span class='ocrx_word' id='word_1_33' title='bbox 867 962 909 1024; x_wconf 80' lang='lat' dir='ltr'>Ei</span> <span class='ocrx_word' id='word_1_34' title='bbox 938 964 1037 1026; x_wconf 79' lang='lat' dir='ltr'>soient</span> <span class='ocrx_word' id='word_1_35' title='bbox 1059 955 1097 1038; x_wconf 85' lang='lat'>¹⁰)</span> <span class='ocrx_word' id='word_1_36' title='bbox 1126 979 1229 1024; x_wconf 75' lang='lat' dir='ltr'>omnen</span> <span class='ocrx_word' id='word_1_37' title='bbox 1257 979 1309 1022; x_wconf 85' lang='lat' dir='ltr'>ee-</span> 
     </span>
     <span class='ocr_line' id='line_1_6' title="bbox 262 1075 1310 1160; baseline -0.005 -16"><span class='ocrx_word' id='word_1_38' title='bbox 262 1082 412 1144; x_wconf 78' lang='lat' dir='ltr'>noleoioo</span> <span class='ocrx_word' id='word_1_39' title='bbox 440 1081 515 1160; x_wconf 82' lang='lat' dir='ltr'>quio</span> <span class='ocrx_word' id='word_1_40' title='bbox 545 1097 600 1159; x_wconf 78' lang='lat' dir='ltr'>epo</span> <span class='ocrx_word' id='word_1_41' title='bbox 629 1097 696 1141; x_wconf 77' lang='lat' dir='ltr'>nom</span> <span class='ocrx_word' id='word_1_42' title='bbox 725 1085 883 1141; x_wconf 77' lang='lat' dir='ltr'>scrutator</span> <span class='ocrx_word' id='word_1_43' title='bbox 911 1078 998 1140; x_wconf 78' lang='lat' dir='ltr'>renio</span> <span class='ocrx_word' id='word_1_44' title='bbox 1020 1085 1050 1139; x_wconf 82' lang='lat' dir='ltr'>ei</span> <span class='ocrx_word' id='word_1_45' title='bbox 1072 1076 1188 1140; x_wconf 76' lang='lat' dir='ltr'>cordio.</span> <span class='ocrx_word' id='word_1_46' title='bbox 1233 1075 1310 1140; x_wconf 84' lang='lat' dir='ltr'><strong>Per-</strong></span> 
     </span>
     <span class='ocr_line' id='line_1_7' title="bbox 295 1187 1309 1275; baseline -0.003 -19"><span class='ocrx_word' id='word_1_47' title='bbox 295 1195 381 1275; x_wconf 88' lang='lat' dir='ltr'>spicit</span> <span class='ocrx_word' id='word_1_48' title='bbox 402 1193 450 1255; x_wconf 87' lang='lat' dir='ltr'>iiie</span> <span class='ocrx_word' id='word_1_49' title='bbox 474 1192 569 1254; x_wconf 82' lang='lat' dir='ltr'>obdiin</span> <span class='ocrx_word' id='word_1_50' title='bbox 599 1199 629 1254; x_wconf 82' lang='lat' dir='ltr'>ei</span> <span class='ocrx_word' id='word_1_51' title='bbox 659 1197 775 1254; x_wconf 79' lang='lat' dir='ltr'><strong>secrete</strong></span> <span class='ocrx_word' id='word_1_52' title='bbox 797 1189 833 1268; x_wconf 90' lang='lat'>¹¹)</span> <span class='ocrx_word' id='word_1_53' title='bbox 863 1196 953 1272; x_wconf 86' lang='lat' dir='ltr'><strong>eique</strong></span> <span class='ocrx_word' id='word_1_54' title='bbox 984 1190 1099 1253; x_wconf 70' lang='lat' dir='ltr'>occuito</span> <span class='ocrx_word' id='word_1_55' title='bbox 1129 1187 1309 1253; x_wconf 75' lang='lat' dir='ltr'><strong>considerat.</strong></span> 
     </span>
     <span class='ocr_line' id='line_1_8' title="bbox 293 1299 1308 1386; baseline -0.004 -16"><span class='ocrx_word' id='word_1_56' title='bbox 293 1308 356 1370; x_wconf 83' lang='lat' dir='ltr'>Neo</span> <span class='ocrx_word' id='word_1_57' title='bbox 379 1306 427 1370; x_wconf 89' lang='lat' dir='ltr'>dei</span> <span class='ocrx_word' id='word_1_58' title='bbox 449 1304 552 1369; x_wconf 83' lang='lat' dir='ltr'>oeulos</span> <span class='ocrx_word' id='word_1_59' title='bbox 567 1302 604 1382; x_wconf 76' lang='lat'>¹²)</span> <span class='ocrx_word' id='word_1_60' title='bbox 627 1309 726 1386; x_wconf 85' lang='lat' dir='ltr'>poiest</span> <span class='ocrx_word' id='word_1_61' title='bbox 748 1304 853 1384; x_wconf 79' lang='lat' dir='ltr'>aliquis</span> <span class='ocrx_word' id='word_1_62' title='bbox 876 1303 1006 1366; x_wconf 80' lang='lat' dir='ltr'><strong>evadere</strong></span> <span class='ocrx_word' id='word_1_63' title='bbox 1022 1303 1147 1366; x_wconf 73' lang='lat' dir='ltr'>dicentis</span> <span class='ocrx_word' id='word_1_64' title='bbox 1163 1299 1217 1380; x_wconf 81' lang='lat'>&#39;³):</span> <span class='ocrx_word' id='word_1_65' title='bbox 1241 1301 1308 1384; x_wconf 77' lang='lat' dir='ltr'>Epo</span> 
     </span>
     <span class='ocr_line' id='line_1_9' title="bbox 294 1409 1309 1498; baseline -0.003 -15"><span class='ocrx_word' id='word_1_66' title='bbox 294 1421 372 1483; x_wconf 79' lang='lat' dir='ltr'>deno</span> <span class='ocrx_word' id='word_1_67' title='bbox 394 1418 636 1498; x_wconf 79' lang='lat' dir='ltr'>odproeimonn‚</span> <span class='ocrx_word' id='word_1_68' title='bbox 669 1423 699 1477; x_wconf 79' lang='lat' dir='ltr'>ei</span> <span class='ocrx_word' id='word_1_69' title='bbox 725 1409 788 1478; x_wconf 83' lang='lat' dir='ltr'>non</span> <span class='ocrx_word' id='word_1_70' title='bbox 817 1416 894 1477; x_wconf 78' lang='lat' dir='ltr'>deon</span> <span class='ocrx_word' id='word_1_71' title='bbox 908 1411 950 1494; x_wconf 61' lang='grc' dir='ltr'>Ι1)</span> <span class='ocrx_word' id='word_1_72' title='bbox 982 1415 1020 1476; x_wconf 81' lang='lat' dir='ltr'>do</span> <span class='ocrx_word' id='word_1_73' title='bbox 1049 1415 1229 1498; x_wconf 67' lang='lat' dir='ltr'>lonqinquo.</span> <span class='ocrx_word' id='word_1_74' title='bbox 1275 1415 1309 1480; x_wconf 85' lang='lat' dir='ltr'>Si</span> 
     </span>
     <span class='ocr_line' id='line_1_10' title="bbox 294 1525 1309 1611; baseline -0.003 -14"><span class='ocrx_word' id='word_1_75' title='bbox 294 1533 496 1596; x_wconf 76' lang='lat' dir='ltr'>absconditos</span> <span class='ocrx_word' id='word_1_76' title='bbox 517 1528 616 1607; x_wconf 78' lang='lat' dir='ltr'>fuerit</span> <span class='ocrx_word' id='word_1_77' title='bbox 637 1531 726 1592; x_wconf 78' lang='lat' dir='ltr'>homo</span> <span class='ocrx_word' id='word_1_78' title='bbox 749 1530 783 1591; x_wconf 85' lang='lat' dir='ltr'>in</span> <span class='ocrx_word' id='word_1_79' title='bbox 798 1527 992 1593; x_wconf 71' lang='lat' dir='ltr'><em>absconditis</em></span> <span class='ocrx_word' id='word_1_80' title='bbox 1008 1525 1058 1606; x_wconf 84' lang='lat'><strong>¹⁵),</strong></span> <span class='ocrx_word' id='word_1_81' title='bbox 1081 1547 1139 1611; x_wconf 78' lang='lat' dir='ltr'>epo</span> <span class='ocrx_word' id='word_1_82' title='bbox 1155 1549 1229 1611; x_wconf 79' lang='lat' dir='ltr'>erpo</span> <span class='ocrx_word' id='word_1_83' title='bbox 1245 1551 1309 1596; x_wconf 90' lang='lat' dir='ltr'>non</span> 
     </span>
     <span class='ocr_line' id='line_1_11' title="bbox 254 1640 1309 1724; baseline -0.004 -11"><span class='ocrx_word' id='word_1_84' title='bbox 254 1643 403 1713; x_wconf 78' lang='lat' dir='ltr'>invidebo</span> <span class='ocrx_word' id='word_1_85' title='bbox 434 1641 525 1704; x_wconf 86' lang='lat' dir='ltr'>enm?</span> <span class='ocrx_word' id='word_1_86' title='bbox 568 1641 680 1704; x_wconf 79' lang='lat' dir='ltr'>Nonne</span> <span class='ocrx_word' id='word_1_87' title='bbox 709 1640 827 1704; x_wconf 86' lang='lat' dir='ltr'>coelom</span> <span class='ocrx_word' id='word_1_88' title='bbox 857 1648 887 1702; x_wconf 79' lang='lat' dir='ltr'>oi</span> <span class='ocrx_word' id='word_1_89' title='bbox 908 1648 1023 1702; x_wconf 75' lang='lat' dir='ltr'>imon</span> <span class='ocrx_word' id='word_1_90' title='bbox 1045 1659 1101 1722; x_wconf 79' lang='lat' dir='ltr'>epo</span> <span class='ocrx_word' id='word_1_91' title='bbox 1124 1643 1227 1724; x_wconf 82' lang='lat' dir='ltr'>inpleo</span> <span class='ocrx_word' id='word_1_92' title='bbox 1247 1640 1309 1723; x_wconf 72' lang='grc'>16)1</span> 
     </span>
     <span class='ocr_line' id='line_1_12' title="bbox 292 1753 1307 1838; baseline 0.002 -18"><span class='ocrx_word' id='word_1_93' title='bbox 292 1757 380 1820; x_wconf 80' lang='lat' dir='ltr'>V&#39;niet</span> <span class='ocrx_word' id='word_1_94' title='bbox 401 1757 451 1818; x_wconf 92' lang='lat' dir='ltr'>iile</span> <span class='ocrx_word' id='word_1_95' title='bbox 473 1754 565 1818; x_wconf 83' lang='lat' dir='ltr'>corda</span> <span class='ocrx_word' id='word_1_96' title='bbox 588 1761 618 1815; x_wconf 85' lang='lat' dir='ltr'>et</span> <span class='ocrx_word' id='word_1_97' title='bbox 640 1760 762 1835; x_wconf 81' lang='lat' dir='ltr'>pociora</span> <span class='ocrx_word' id='word_1_98' title='bbox 785 1754 986 1838; x_wconf 85' lang='lat' dir='ltr'>singolorum,</span> <span class='ocrx_word' id='word_1_99' title='bbox 1016 1762 1046 1818; x_wconf 81' lang='lat' dir='ltr'>ei</span> <span class='ocrx_word' id='word_1_100' title='bbox 1068 1756 1252 1822; x_wconf 69' lang='lat' dir='ltr'>iudicaturos</span> <span class='ocrx_word' id='word_1_101' title='bbox 1270 1753 1307 1837; x_wconf 83' lang='lat'>¹⁷)</span> 
     </span>
     <span class='ocr_line' id='line_1_13' title="bbox 292 1867 1306 1954; baseline 0.002 -21"><span class='ocrx_word' id='word_1_102' title='bbox 292 1889 352 1933; x_wconf 90' lang='lat' dir='ltr'>non</span> <span class='ocrx_word' id='word_1_103' title='bbox 375 1876 486 1933; x_wconf 84' lang='lat' dir='ltr'>ionium</span> <span class='ocrx_word' id='word_1_104' title='bbox 511 1869 547 1931; x_wconf 92' lang='lat' dir='ltr'>de</span> <span class='ocrx_word' id='word_1_105' title='bbox 571 1867 671 1948; x_wconf 79' lang='lat' dir='ltr'>sociis,</span> <span class='ocrx_word' id='word_1_106' title='bbox 702 1867 757 1932; x_wconf 90' lang='lat' dir='ltr'>sed</span> <span class='ocrx_word' id='word_1_107' title='bbox 787 1875 817 1930; x_wconf 87' lang='lat' dir='ltr'>et</span> <span class='ocrx_word' id='word_1_108' title='bbox 846 1869 884 1931; x_wconf 92' lang='lat' dir='ltr'>de</span> <span class='ocrx_word' id='word_1_109' title='bbox 908 1869 1007 1932; x_wconf 84' lang='lat' dir='ltr'>verbis</span> <span class='ocrx_word' id='word_1_110' title='bbox 1031 1875 1060 1932; x_wconf 82' lang='lat' dir='ltr'>ei</span> <span class='ocrx_word' id='word_1_111' title='bbox 1084 1870 1121 1933; x_wconf 91' lang='lat' dir='ltr'>de</span> <span class='ocrx_word' id='word_1_112' title='bbox 1144 1873 1306 1954; x_wconf 84' lang='lat' dir='ltr'>cogiieiio·</span> 
     </span>
     <span class='ocr_line' id='line_1_14' title="bbox 291 1982 1306 2066; baseline 0.001 -19"><span class='ocrx_word' id='word_1_113' title='bbox 291 1985 378 2047; x_wconf 91' lang='lat' dir='ltr'>nibus</span> <span class='ocrx_word' id='word_1_114' title='bbox 406 1983 516 2048; x_wconf 78' lang='lat' dir='ltr'>nostris</span> <span class='ocrx_word' id='word_1_115' title='bbox 547 1984 676 2045; x_wconf 89' lang='lat' dir='ltr'>omnium</span> <span class='ocrx_word' id='word_1_116' title='bbox 707 1988 822 2045; x_wconf 81' lang='lat' dir='ltr'><strong>mentes</strong></span> <span class='ocrx_word' id='word_1_117' title='bbox 844 1982 1073 2064; x_wconf 80' lang='lat' dir='ltr'>volunieiesque</span> <span class='ocrx_word' id='word_1_118' title='bbox 1093 1991 1254 2066; x_wconf 76' lang='lat' dir='ltr'>conceptos</span> <span class='ocrx_word' id='word_1_119' title='bbox 1277 1987 1306 2048; x_wconf 89' lang='lat' dir='ltr'>in</span> 
     </span>
     <span class='ocr_line' id='line_1_15' title="bbox 231 2096 1054 2182; baseline -0.002 -20"><span class='ocrx_word' id='word_1_120' title='bbox 231 2161 239 2173; x_wconf 84' lang='grc'><strong><em>,</em></strong></span> <span class='ocrx_word' id='word_1_121' title='bbox 291 2101 363 2182; x_wconf 86' lang='lat' dir='ltr'>ipsis</span> <span class='ocrx_word' id='word_1_122' title='bbox 386 2099 483 2162; x_wconf 81' lang='lat' dir='ltr'>adhuc</span> <span class='ocrx_word' id='word_1_123' title='bbox 505 2097 597 2160; x_wconf 80' lang='lat' dir='ltr'>clausi</span> <span class='ocrx_word' id='word_1_124' title='bbox 619 2096 751 2178; x_wconf 77' lang='lat' dir='ltr'><strong>pectoris</strong></span> <span class='ocrx_word' id='word_1_125' title='bbox 772 2097 893 2160; x_wconf 68' lang='lat' dir='ltr'>latebris</span> <span class='ocrx_word' id='word_1_126' title='bbox 916 2098 1054 2160; x_wconf 76' lang='lat' dir='ltr'>intuetur.</span> 
     </span>
    </p>
   </div>
   <div class='ocr_carea' id='block_1_3' title="bbox 191 2293 1307 3939">
    <p class='ocr_par' dir='ltr' id='par_1_3' title="bbox 191 2293 1307 3939">
     <span class='ocr_line' id='line_1_16' title="bbox 360 2293 1305 2365; baseline 0.007 -18"><span class='ocrx_word' id='word_1_127' title='bbox 360 2296 390 2365; x_wconf 88' lang='grc'>6)</span> <span class='ocrx_word' id='word_1_128' title='bbox 408 2301 499 2351; x_wconf 73' lang='lat' dir='ltr'>nicom</span> <span class='ocrx_word' id='word_1_129' title='bbox 517 2297 578 2364; x_wconf 80' lang='lat' dir='ltr'>(oie)</span> <span class='ocrx_word' id='word_1_130' title='bbox 597 2295 629 2348; x_wconf 83' lang='grc' dir='ltr'>Δ.</span> <span class='ocrx_word' id='word_1_131' title='bbox 665 2295 695 2364; x_wconf 84' lang='grc'>7)</span> <span class='ocrx_word' id='word_1_132' title='bbox 715 2293 816 2362; x_wconf 61' lang='grc' dir='ltr'>1.,11ες.</span> <span class='ocrx_word' id='word_1_133' title='bbox 831 2293 874 2359; x_wconf 84' lang='grc'>16,</span> <span class='ocrx_word' id='word_1_134' title='bbox 893 2295 917 2349; x_wconf 86' lang='grc'>7.</span> <span class='ocrx_word' id='word_1_135' title='bbox 954 2295 984 2364; x_wconf 81' lang='grc'>8)</span> <span class='ocrx_word' id='word_1_136' title='bbox 1002 2299 1100 2352; x_wconf 76' lang='lat' dir='ltr'>indicet</span> <span class='ocrx_word' id='word_1_137' title='bbox 1112 2296 1163 2364; x_wconf 81' lang='lat' dir='ltr'>Md,</span> <span class='ocrx_word' id='word_1_138' title='bbox 1181 2301 1247 2354; x_wconf 72' lang='lat' dir='ltr'>enin</span> <span class='ocrx_word' id='word_1_139' title='bbox 1258 2299 1305 2362; x_wconf 74' lang='lat' dir='ltr'>Mo,</span> 
     </span>
     <span class='ocr_line' id='line_1_17' title="bbox 290 2373 1304 2456; baseline 0.004 -20"><span class='ocrx_word' id='word_1_140' title='bbox 290 2383 350 2436; x_wconf 85' lang='lat' dir='ltr'>Tum</span> <span class='ocrx_word' id='word_1_141' title='bbox 374 2401 420 2452; x_wconf 86' lang='lat' dir='ltr'>pro</span> <span class='ocrx_word' id='word_1_142' title='bbox 444 2373 513 2453; x_wconf 63' lang='lat' dir='ltr'>vulg.</span> <span class='ocrx_word' id='word_1_143' title='bbox 532 2387 647 2453; x_wconf 77' lang='lat' dir='ltr'>insanie</span> <span class='ocrx_word' id='word_1_144' title='bbox 666 2387 743 2437; x_wconf 84' lang='lat' dir='ltr'>—in</span> <span class='ocrx_word' id='word_1_145' title='bbox 767 2386 844 2437; x_wconf 76' lang='lat' dir='ltr'>eorde</span> <span class='ocrx_word' id='word_1_146' title='bbox 868 2399 899 2435; x_wconf 82' lang='lat' dir='ltr'>ex</span> <span class='ocrx_word' id='word_1_147' title='bbox 917 2382 976 2436; x_wconf 84' lang='lat' dir='ltr'><strong>Ver.</strong></span> <span class='ocrx_word' id='word_1_148' title='bbox 996 2383 1027 2434; x_wconf 90' lang='lat' dir='ltr'>W</span> <span class='ocrx_word' id='word_1_149' title='bbox 1049 2393 1074 2436; x_wconf 77' lang='lat' dir='ltr'>ei</span> <span class='ocrx_word' id='word_1_150' title='bbox 1094 2386 1147 2437; x_wconf 82' lang='lat' dir='ltr'>Mac</span> <span class='ocrx_word' id='word_1_151' title='bbox 1171 2395 1304 2456; x_wconf 80' lang='lat' dir='ltr'><strong>receptum</strong></span> 
     </span>
     <span class='ocr_line' id='line_1_18' title="bbox 288 2467 1304 2542; baseline -0.003 -16"><span class='ocrx_word' id='word_1_152' title='bbox 288 2476 426 2541; x_wconf 75' lang='lat' dir='ltr'>infaciem</span> <span class='ocrx_word' id='word_1_153' title='bbox 439 2506 471 2515; x_wconf 88' lang='lat'>-</span> <span class='ocrx_word' id='word_1_154' title='bbox 484 2478 512 2524; x_wconf 84' lang='lat' dir='ltr'>in</span> <span class='ocrx_word' id='word_1_155' title='bbox 533 2490 594 2538; x_wconf 68' lang='grc' dir='ltr'>σονς</span> <span class='ocrx_word' id='word_1_156' title='bbox 613 2472 732 2523; x_wconf 78' lang='lat' dir='ltr'><strong>exhibent</strong></span> <span class='ocrx_word' id='word_1_157' title='bbox 751 2475 817 2523; x_wconf 82' lang='lat' dir='ltr'>enim</span> <span class='ocrx_word' id='word_1_158' title='bbox 830 2469 915 2522; x_wconf 78' lang='lat' dir='ltr'>LXX:</span> <span class='ocrx_word' id='word_1_159' title='bbox 933 2467 1062 2538; x_wconf 72' lang='grc' dir='ltr'>ἅνθρωπος</span> <span class='ocrx_word' id='word_1_160' title='bbox 1078 2468 1167 2540; x_wconf 75' lang='grc' dir='ltr'><strong><em>ὄψεται</em></strong></span> <span class='ocrx_word' id='word_1_161' title='bbox 1185 2471 1216 2530; x_wconf 72' lang='grc' dir='ltr'>εἷς</span> <span class='ocrx_word' id='word_1_162' title='bbox 1233 2473 1304 2542; x_wconf 77' lang='grc' dir='ltr'><strong><em>πρός-</em></strong></span> 
     </span>
     <span class='ocr_line' id='line_1_19' title="bbox 289 2555 1303 2632; baseline 0.009 -24"><span class='ocrx_word' id='word_1_163' title='bbox 289 2579 370 2620; x_wconf 76' lang='grc' dir='ltr'><em>ωπον,</em></span> <span class='ocrx_word' id='word_1_164' title='bbox 393 2555 453 2607; x_wconf 77' lang='grc' dir='ltr'>ὅδε</span> <span class='ocrx_word' id='word_1_165' title='bbox 471 2557 525 2614; x_wconf 76' lang='grc' dir='ltr'>θεὸς</span> <span class='ocrx_word' id='word_1_166' title='bbox 543 2555 629 2624; x_wconf 70' lang='grc' dir='ltr'><strong><em>ὄψεται</em></strong></span> <span class='ocrx_word' id='word_1_167' title='bbox 649 2558 679 2614; x_wconf 64' lang='lat' dir='ltr'>aig</span> <span class='ocrx_word' id='word_1_168' title='bbox 697 2557 805 2625; x_wconf 64' lang='lat' dir='ltr'>eapitur.</span> <span class='ocrx_word' id='word_1_169' title='bbox 850 2556 1041 2611; x_wconf 75' lang='lat' dir='ltr'>coniunctionis</span> <span class='ocrx_word' id='word_1_170' title='bbox 1067 2561 1190 2628; x_wconf 78' lang='lat' dir='ltr'><strong>particule</strong></span> <span class='ocrx_word' id='word_1_171' title='bbox 1210 2574 1303 2632; x_wconf 75' lang='lat' dir='ltr'>anieno,</span> 
     </span>
     <span class='ocr_line' id='line_1_20' title="bbox 289 2644 1305 2716; baseline 0.006 -20"><span class='ocrx_word' id='word_1_172' title='bbox 289 2663 354 2715; x_wconf 82' lang='lat' dir='ltr'>quoe</span> <span class='ocrx_word' id='word_1_173' title='bbox 373 2648 396 2697; x_wconf 95' lang='lat' dir='ltr'>in</span> <span class='ocrx_word' id='word_1_174' title='bbox 416 2645 603 2714; x_wconf 81' lang='lat' dir='ltr'><strong>exemplaribus</strong></span> <span class='ocrx_word' id='word_1_175' title='bbox 622 2644 716 2698; x_wconf 85' lang='lat' dir='ltr'>liinnnt.</span> <span class='ocrx_word' id='word_1_176' title='bbox 737 2648 881 2714; x_wconf 81' lang='lat' dir='ltr'><strong>ceterisque</strong></span> <span class='ocrx_word' id='word_1_177' title='bbox 902 2647 1088 2700; x_wconf 76' lang='lat' dir='ltr'>recentioribus</span> <span class='ocrx_word' id='word_1_178' title='bbox 1105 2657 1164 2716; x_wconf 82' lang='lat' dir='ltr'>posi</span> <span class='ocrx_word' id='word_1_179' title='bbox 1180 2654 1244 2706; x_wconf 78' lang='lat' dir='ltr'>nene</span> <span class='ocrx_word' id='word_1_180' title='bbox 1258 2651 1305 2702; x_wconf 85' lang='lat' dir='ltr'>od-</span> 
     </span>
     <span class='ocr_line' id='line_1_21' title="bbox 289 2731 1305 2806; baseline 0.006 -21"><span class='ocrx_word' id='word_1_181' title='bbox 289 2735 364 2796; x_wconf 81' lang='lat' dir='ltr'>ditnr‚</span> <span class='ocrx_word' id='word_1_182' title='bbox 383 2735 478 2784; x_wconf 71' lang='lat' dir='ltr'>rectius</span> <span class='ocrx_word' id='word_1_183' title='bbox 498 2733 570 2784; x_wconf 76' lang='lat' dir='ltr'>obesi</span> <span class='ocrx_word' id='word_1_184' title='bbox 587 2748 602 2784; x_wconf 81' lang='lat' dir='ltr'>o</span> <span class='ocrx_word' id='word_1_185' title='bbox 621 2732 694 2785; x_wconf 84' lang='lat' dir='ltr'>codd.</span> <span class='ocrx_word' id='word_1_186' title='bbox 712 2732 773 2785; x_wconf 84' lang='lat' dir='ltr'><strong>Ver.</strong></span> <span class='ocrx_word' id='word_1_187' title='bbox 793 2733 873 2800; x_wconf 83' lang='lat' dir='ltr'><strong>Neop.</strong></span> <span class='ocrx_word' id='word_1_188' title='bbox 892 2731 916 2785; x_wconf 79' lang='lat'>3.</span> <span class='ocrx_word' id='word_1_189' title='bbox 936 2733 977 2786; x_wconf 83' lang='lat' dir='ltr'>W.</span> <span class='ocrx_word' id='word_1_190' title='bbox 997 2734 1036 2786; x_wconf 80' lang='lat' dir='ltr'>iia</span> <span class='ocrx_word' id='word_1_191' title='bbox 1056 2743 1081 2788; x_wconf 80' lang='lat' dir='ltr'>et</span> <span class='ocrx_word' id='word_1_192' title='bbox 1098 2733 1168 2802; x_wconf 81' lang='lat' dir='ltr'>Bab,</span> <span class='ocrx_word' id='word_1_193' title='bbox 1195 2737 1305 2806; x_wconf 84' lang='lat' dir='ltr'>itemquo</span> 
     </span>
     <span class='ocr_line' id='line_1_22' title="bbox 290 2819 1304 2890; baseline 0.008 -18"><span class='ocrx_word' id='word_1_194' title='bbox 290 2820 321 2872; x_wconf 81' lang='lat' dir='ltr'>nb</span> <span class='ocrx_word' id='word_1_195' title='bbox 335 2821 391 2872; x_wconf 89' lang='lat' dir='ltr'><strong>edd.</strong></span> <span class='ocrx_word' id='word_1_196' title='bbox 405 2821 593 2889; x_wconf 77' lang='lat' dir='ltr'>antiquioribus.</span> <span class='ocrx_word' id='word_1_197' title='bbox 630 2819 657 2870; x_wconf 85' lang='lat' dir='ltr'>ln</span> <span class='ocrx_word' id='word_1_198' title='bbox 671 2819 692 2871; x_wconf 80' lang='grc' dir='ltr'>Α</span> <span class='ocrx_word' id='word_1_199' title='bbox 705 2837 763 2873; x_wconf 84' lang='lat' dir='ltr'>mox</span> <span class='ocrx_word' id='word_1_200' title='bbox 783 2829 822 2873; x_wconf 78' lang='lat' dir='ltr'>est</span> <span class='ocrx_word' id='word_1_201' title='bbox 838 2832 977 2890; x_wconf 74' lang='lat' dir='ltr'>pronorooi</span> <span class='ocrx_word' id='word_1_202' title='bbox 997 2823 1070 2888; x_wconf 79' lang='lat' dir='ltr'>(sic),</span> <span class='ocrx_word' id='word_1_203' title='bbox 1089 2828 1207 2879; x_wconf 68' lang='lat' dir='ltr'>instrunt</span> <span class='ocrx_word' id='word_1_204' title='bbox 1219 2828 1243 2877; x_wconf 93' lang='lat' dir='ltr'>in</span> <span class='ocrx_word' id='word_1_205' title='bbox 1257 2825 1304 2880; x_wconf 82' lang='lat' dir='ltr'>nh.</span> 
     </span>
     <span class='ocr_line' id='line_1_23' title="bbox 289 2905 1305 2982; baseline 0.008 -24"><span class='ocrx_word' id='word_1_206' title='bbox 289 2905 318 2975; x_wconf 88' lang='grc'>9)</span> <span class='ocrx_word' id='word_1_207' title='bbox 336 2907 415 2973; x_wconf 84' lang='lat' dir='ltr'>Apoc.</span> <span class='ocrx_word' id='word_1_208' title='bbox 430 2907 455 2971; x_wconf 88' lang='grc'>2,</span> <span class='ocrx_word' id='word_1_209' title='bbox 477 2906 517 2961; x_wconf 81' lang='grc'>23.</span> <span class='ocrx_word' id='word_1_210' title='bbox 555 2909 727 2971; x_wconf 74' lang='grc' dir='ltr'>10)Ε111ι“ησ</span> <span class='ocrx_word' id='word_1_211' title='bbox 745 2913 829 2963; x_wconf 72' lang='lat' dir='ltr'>seiont</span> <span class='ocrx_word' id='word_1_212' title='bbox 843 2907 891 2961; x_wconf 82' lang='lat' dir='ltr'>Me.</span> <span class='ocrx_word' id='word_1_213' title='bbox 922 2908 989 2962; x_wconf 87' lang='lat' dir='ltr'>Dein</span> <span class='ocrx_word' id='word_1_214' title='bbox 1009 2929 1070 2982; x_wconf 79' lang='lat' dir='ltr'>erpo</span> <span class='ocrx_word' id='word_1_215' title='bbox 1088 2926 1135 2982; x_wconf 89' lang='lat' dir='ltr'>pro</span> <span class='ocrx_word' id='word_1_216' title='bbox 1155 2931 1201 2982; x_wconf 81' lang='lat' dir='ltr'>epo</span> <span class='ocrx_word' id='word_1_217' title='bbox 1220 2929 1305 2966; x_wconf 83' lang='lat' dir='ltr'>errore</span> 
     </span>
     <span class='ocr_line' id='line_1_24' title="bbox 289 2993 1304 3060; baseline 0.007 -16"><span class='ocrx_word' id='word_1_218' title='bbox 289 2993 412 3060; x_wconf 76' lang='lat' dir='ltr'>typothet,</span> <span class='ocrx_word' id='word_1_219' title='bbox 438 2993 523 3047; x_wconf 85' lang='lat' dir='ltr'><strong>Beiuz.</strong></span> <span class='ocrx_word' id='word_1_220' title='bbox 569 2995 673 3047; x_wconf 73' lang='lat' dir='ltr'>inverso</span> <span class='ocrx_word' id='word_1_221' title='bbox 704 2995 838 3048; x_wconf 86' lang='lat' dir='ltr'>verborum</span> <span class='ocrx_word' id='word_1_222' title='bbox 870 2997 959 3048; x_wconf 81' lang='lat' dir='ltr'>ordine</span> <span class='ocrx_word' id='word_1_223' title='bbox 990 3003 1080 3053; x_wconf 75' lang='lat' dir='ltr'>nordio</span> <span class='ocrx_word' id='word_1_224' title='bbox 1110 3009 1133 3054; x_wconf 75' lang='lat' dir='ltr'>et</span> <span class='ocrx_word' id='word_1_225' title='bbox 1161 3005 1237 3056; x_wconf 74' lang='lat' dir='ltr'>renio</span> <span class='ocrx_word' id='word_1_226' title='bbox 1266 3000 1304 3052; x_wconf 89' lang='lat' dir='ltr'>W.</span> 
     </span>
     <span class='ocr_line' id='line_1_25' title="bbox 292 3079 1304 3156; baseline 0.007 -24"><span class='ocrx_word' id='word_1_227' title='bbox 292 3081 336 3147; x_wconf 90' lang='grc'>11)</span> <span class='ocrx_word' id='word_1_228' title='bbox 355 3091 379 3134; x_wconf 76' lang='lat' dir='ltr'>on</span> <span class='ocrx_word' id='word_1_229' title='bbox 397 3093 498 3136; x_wconf 71' lang='lat' dir='ltr'>onorata</span> <span class='ocrx_word' id='word_1_230' title='bbox 516 3097 566 3135; x_wconf 92' lang='lat' dir='ltr'>om.</span> <span class='ocrx_word' id='word_1_231' title='bbox 585 3079 629 3134; x_wconf 86' lang='lat' dir='ltr'>Bo.</span> <span class='ocrx_word' id='word_1_232' title='bbox 669 3082 713 3149; x_wconf 83' lang='lat'>12)</span> <span class='ocrx_word' id='word_1_233' title='bbox 732 3083 866 3137; x_wconf 81' lang='lat' dir='ltr'>oeoloMc.</span> <span class='ocrx_word' id='word_1_234' title='bbox 898 3082 958 3136; x_wconf 86' lang='lat' dir='ltr'>Tum</span> <span class='ocrx_word' id='word_1_235' title='bbox 978 3085 1140 3154; x_wconf 79' lang='lat' dir='ltr'>niiqnide.</span> <span class='ocrx_word' id='word_1_236' title='bbox 1178 3087 1224 3156; x_wconf 85' lang='grc'>13)</span> <span class='ocrx_word' id='word_1_237' title='bbox 1241 3086 1304 3139; x_wconf 82' lang='lat' dir='ltr'>Hie·</span> 
     </span>
     <span class='ocr_line' id='line_1_26' title="bbox 294 3166 1304 3236; baseline 0.009 -18"><span class='ocrx_word' id='word_1_238' title='bbox 294 3183 356 3218; x_wconf 83' lang='lat' dir='ltr'><strong>rem.</strong></span> <span class='ocrx_word' id='word_1_239' title='bbox 376 3166 419 3232; x_wconf 84' lang='lat'>23,</span> <span class='ocrx_word' id='word_1_240' title='bbox 438 3168 549 3222; x_wconf 82' lang='lat'><strong>23-24.</strong></span> <span class='ocrx_word' id='word_1_241' title='bbox 593 3171 638 3236; x_wconf 82' lang='grc'>11)</span> <span class='ocrx_word' id='word_1_242' title='bbox 657 3175 775 3224; x_wconf 77' lang='lat' dir='ltr'>sednon</span> <span class='ocrx_word' id='word_1_243' title='bbox 793 3173 858 3225; x_wconf 78' lang='lat' dir='ltr'>dene</span> <span class='ocrx_word' id='word_1_244' title='bbox 876 3170 907 3226; x_wconf 83' lang='grc' dir='ltr'>Δ.</span> <span class='ocrx_word' id='word_1_245' title='bbox 944 3171 1006 3225; x_wconf 79' lang='lat' dir='ltr'>Voe</span> <span class='ocrx_word' id='word_1_246' title='bbox 1026 3176 1092 3228; x_wconf 76' lang='lat' dir='ltr'>deuo</span> <span class='ocrx_word' id='word_1_247' title='bbox 1110 3173 1135 3224; x_wconf 87' lang='lat' dir='ltr'>h.</span> <span class='ocrx_word' id='word_1_248' title='bbox 1154 3173 1170 3225; x_wconf 89' lang='lat' dir='ltr'>l.</span> <span class='ocrx_word' id='word_1_249' title='bbox 1191 3189 1242 3226; x_wconf 89' lang='lat' dir='ltr'>om.</span> <span class='ocrx_word' id='word_1_250' title='bbox 1262 3173 1304 3228; x_wconf 80' lang='lat' dir='ltr'>Bo.</span> 
     </span>
     <span class='ocr_line' id='line_1_27' title="bbox 292 3253 1305 3328; baseline 0.01 -23"><span class='ocrx_word' id='word_1_251' title='bbox 292 3253 335 3322; x_wconf 88' lang='grc'>15)</span> <span class='ocrx_word' id='word_1_252' title='bbox 354 3259 382 3307; x_wconf 85' lang='lat' dir='ltr'>in</span> <span class='ocrx_word' id='word_1_253' title='bbox 401 3259 496 3310; x_wconf 69' lang='lat' dir='ltr'>abditis</span> <span class='ocrx_word' id='word_1_254' title='bbox 511 3257 551 3310; x_wconf 90' lang='lat' dir='ltr'>W.</span> <span class='ocrx_word' id='word_1_255' title='bbox 570 3258 636 3310; x_wconf 75' lang='lat' dir='ltr'>min.</span> <span class='ocrx_word' id='word_1_256' title='bbox 656 3258 692 3310; x_wconf 89' lang='lat' dir='ltr'>Bn</span> <span class='ocrx_word' id='word_1_257' title='bbox 711 3266 737 3310; x_wconf 77' lang='lat' dir='ltr'>ei</span> <span class='ocrx_word' id='word_1_258' title='bbox 755 3274 770 3309; x_wconf 87' lang='lat' dir='ltr'>o</span> <span class='ocrx_word' id='word_1_259' title='bbox 789 3273 853 3310; x_wconf 81' lang='lat' dir='ltr'>corn</span> <span class='ocrx_word' id='word_1_260' title='bbox 873 3259 912 3310; x_wconf 85' lang='lat' dir='ltr'>liic</span> <span class='ocrx_word' id='word_1_261' title='bbox 930 3276 980 3312; x_wconf 81' lang='lat' dir='ltr'>uno</span> <span class='ocrx_word' id='word_1_262' title='bbox 998 3277 1055 3313; x_wconf 87' lang='lat' dir='ltr'>eum</span> <span class='ocrx_word' id='word_1_263' title='bbox 1074 3261 1132 3313; x_wconf 82' lang='lat' dir='ltr'><strong>edd.</strong></span> <span class='ocrx_word' id='word_1_264' title='bbox 1152 3270 1225 3328; x_wconf 67' lang='lat' dir='ltr'>voti,</span> <span class='ocrx_word' id='word_1_265' title='bbox 1246 3264 1305 3315; x_wconf 82' lang='lat' dir='ltr'>item</span> 
     </span>
     <span class='ocr_line' id='line_1_28' title="bbox 288 3339 1305 3415; baseline 0.011 -25"><span class='ocrx_word' id='word_1_266' title='bbox 288 3339 384 3392; x_wconf 81' lang='lat' dir='ltr'>Ernom.</span> <span class='ocrx_word' id='word_1_267' title='bbox 399 3351 475 3410; x_wconf 82' lang='lat' dir='ltr'><strong>mque</strong></span> <span class='ocrx_word' id='word_1_268' title='bbox 488 3343 561 3398; x_wconf 85' lang='lat' dir='ltr'>Grov.</span> <span class='ocrx_word' id='word_1_269' title='bbox 591 3345 677 3398; x_wconf 79' lang='lat' dir='ltr'>Altero</span> <span class='ocrx_word' id='word_1_270' title='bbox 692 3354 775 3399; x_wconf 85' lang='lat' dir='ltr'><strong>tamen</strong></span> <span class='ocrx_word' id='word_1_271' title='bbox 791 3346 871 3399; x_wconf 75' lang='lat' dir='ltr'>lectio</span> <span class='ocrx_word' id='word_1_272' title='bbox 887 3351 982 3415; x_wconf 81' lang='lat' dir='ltr'>optimo</span> <span class='ocrx_word' id='word_1_273' title='bbox 1001 3350 1120 3402; x_wconf 82' lang='lat' dir='ltr'>convenit</span> <span class='ocrx_word' id='word_1_274' title='bbox 1138 3365 1193 3402; x_wconf 87' lang='lat' dir='ltr'>com</span> <span class='ocrx_word' id='word_1_275' title='bbox 1208 3350 1305 3403; x_wconf 81' lang='lat' dir='ltr'>Gnneco</span> 
     </span>
     <span class='ocr_line' id='line_1_29' title="bbox 289 3429 1304 3506; baseline 0.01 -28"><span class='ocrx_word' id='word_1_276' title='bbox 289 3434 367 3490; x_wconf 71' lang='lat' dir='ltr'><strong>textu,</strong></span> <span class='ocrx_word' id='word_1_277' title='bbox 388 3429 430 3496; x_wconf 87' lang='lat' dir='ltr'>qui</span> <span class='ocrx_word' id='word_1_278' title='bbox 449 3431 483 3480; x_wconf 78' lang='lat' dir='ltr'>iia</span> <span class='ocrx_word' id='word_1_279' title='bbox 503 3429 594 3482; x_wconf 73' lang='lat' dir='ltr'><strong>habet:</strong></span> <span class='ocrx_word' id='word_1_280' title='bbox 616 3431 637 3480; x_wconf 74' lang='grc' dir='ltr'>εἰ</span> <span class='ocrx_word' id='word_1_281' title='bbox 654 3430 798 3495; x_wconf 70' lang='grc' dir='ltr'><em>κρυβὴσεταί</em></span> <span class='ocrx_word' id='word_1_282' title='bbox 814 3452 847 3490; x_wconf 77' lang='grc' dir='ltr'>τις</span> <span class='ocrx_word' id='word_1_283' title='bbox 864 3431 890 3482; x_wconf 76' lang='grc' dir='ltr'>ἓν</span> <span class='ocrx_word' id='word_1_284' title='bbox 907 3439 1032 3499; x_wconf 74' lang='grc' dir='ltr'><strong><em>κρυφαίοις.</em></strong></span> <span class='ocrx_word' id='word_1_285' title='bbox 1070 3436 1116 3498; x_wconf 87' lang='grc'>16)</span> <span class='ocrx_word' id='word_1_286' title='bbox 1135 3440 1245 3506; x_wconf 68' lang='lat' dir='ltr'>implebo</span> <span class='ocrx_word' id='word_1_287' title='bbox 1260 3435 1304 3488; x_wconf 83' lang='lat' dir='ltr'>Bb.</span> 
     </span>
     <span class='ocr_line' id='line_1_30' title="bbox 289 3513 1304 3592; baseline 0.013 -28"><span class='ocrx_word' id='word_1_288' title='bbox 289 3513 387 3564; x_wconf 82' lang='lat' dir='ltr'>Desunt</span> <span class='ocrx_word' id='word_1_289' title='bbox 405 3515 469 3567; x_wconf 82' lang='lat' dir='ltr'>hoec</span> <span class='ocrx_word' id='word_1_290' title='bbox 487 3516 565 3568; x_wconf 81' lang='lat' dir='ltr'><strong>verbe</strong></span> <span class='ocrx_word' id='word_1_291' title='bbox 584 3519 609 3570; x_wconf 89' lang='lat' dir='ltr'>in</span> <span class='ocrx_word' id='word_1_292' title='bbox 621 3517 679 3570; x_wconf 84' lang='lat' dir='ltr'><strong>Ver.</strong></span> <span class='ocrx_word' id='word_1_293' title='bbox 694 3518 734 3571; x_wconf 88' lang='lat' dir='ltr'>W.</span> <span class='ocrx_word' id='word_1_294' title='bbox 748 3518 813 3571; x_wconf 76' lang='lat' dir='ltr'>man.</span> <span class='ocrx_word' id='word_1_295' title='bbox 827 3517 872 3572; x_wconf 82' lang='lat' dir='ltr'>Bo.</span> <span class='ocrx_word' id='word_1_296' title='bbox 886 3520 916 3572; x_wconf 83' lang='grc' dir='ltr'>Α.</span> <span class='ocrx_word' id='word_1_297' title='bbox 930 3521 984 3574; x_wconf 77' lang='lat' dir='ltr'>Vei.</span> <span class='ocrx_word' id='word_1_298' title='bbox 998 3521 1022 3574; x_wconf 89' lang='lat'>2.</span> <span class='ocrx_word' id='word_1_299' title='bbox 1037 3529 1062 3574; x_wconf 79' lang='lat' dir='ltr'>ei</span> <span class='ocrx_word' id='word_1_300' title='bbox 1075 3522 1217 3592; x_wconf 86' lang='lat' dir='ltr'>quindecim</span> <span class='ocrx_word' id='word_1_301' title='bbox 1235 3525 1304 3576; x_wconf 81' lang='lat' dir='ltr'>onii-</span> 
     </span>
     <span class='ocr_line' id='line_1_31' title="bbox 289 3601 1304 3678; baseline 0.014 -28"><span class='ocrx_word' id='word_1_302' title='bbox 289 3602 344 3668; x_wconf 81' lang='lat' dir='ltr'>quio</span> <span class='ocrx_word' id='word_1_303' title='bbox 370 3601 455 3654; x_wconf 86' lang='lat' dir='ltr'>Bniuz.</span> <span class='ocrx_word' id='word_1_304' title='bbox 474 3603 654 3672; x_wconf 77' lang='lat' dir='ltr'><strong>veteribusque</strong></span> <span class='ocrx_word' id='word_1_305' title='bbox 680 3605 761 3656; x_wconf 78' lang='lat' dir='ltr'>editio.</span> <span class='ocrx_word' id='word_1_306' title='bbox 801 3606 844 3666; x_wconf 83' lang='grc'>17)</span> <span class='ocrx_word' id='word_1_307' title='bbox 863 3605 999 3675; x_wconf 77' lang='lat' dir='ltr'><strong>Perpetem</strong></span> <span class='ocrx_word' id='word_1_308' title='bbox 1021 3612 1159 3663; x_wconf 67' lang='lat' dir='ltr'>iudicatus</span> <span class='ocrx_word' id='word_1_309' title='bbox 1177 3609 1207 3662; x_wconf 84' lang='grc' dir='ltr'>Α.</span> <span class='ocrx_word' id='word_1_310' title='bbox 1243 3613 1304 3678; x_wconf 73' lang='lat' dir='ltr'>Eoi,</span> 
     </span>
     <span class='ocr_line' id='line_1_32' title="bbox 191 3688 1305 3760; baseline 0.011 -22"><span class='ocrx_word' id='word_1_311' title='bbox 191 3731 194 3738; x_wconf 93' lang='lat'><em>.</em></span> <span class='ocrx_word' id='word_1_312' title='bbox 289 3688 355 3756; x_wconf 90' lang='lat' dir='ltr'>quod</span> <span class='ocrx_word' id='word_1_313' title='bbox 371 3692 465 3756; x_wconf 82' lang='lat' dir='ltr'><strong>primus</strong></span> <span class='ocrx_word' id='word_1_314' title='bbox 477 3689 588 3742; x_wconf 80' lang='lat' dir='ltr'>adiunxit</span> <span class='ocrx_word' id='word_1_315' title='bbox 601 3691 735 3758; x_wconf 66' lang='lat' dir='ltr'>Pontidius,</span> <span class='ocrx_word' id='word_1_316' title='bbox 755 3696 826 3745; x_wconf 77' lang='lat' dir='ltr'>omini</span> <span class='ocrx_word' id='word_1_317' title='bbox 844 3696 1025 3760; x_wconf 76' lang='lat' dir='ltr'>praeeuntibus</span> <span class='ocrx_word' id='word_1_318' title='bbox 1044 3697 1115 3749; x_wconf 83' lang='lat' dir='ltr'>libris</span> <span class='ocrx_word' id='word_1_319' title='bbox 1135 3699 1228 3748; x_wconf 77' lang='lat' dir='ltr'>nostrin</span> <span class='ocrx_word' id='word_1_320' title='bbox 1247 3713 1305 3750; x_wconf 94' lang='lat' dir='ltr'>om·</span> 
     </span>
     <span class='ocr_line' id='line_1_33' title="bbox 288 3774 1307 3852; baseline 0.014 -27"><span class='ocrx_word' id='word_1_321' title='bbox 288 3775 370 3826; x_wconf 81' lang='lat' dir='ltr'>nibus.</span> <span class='ocrx_word' id='word_1_322' title='bbox 419 3774 536 3827; x_wconf 85' lang='lat' dir='ltr'>Proxime</span> <span class='ocrx_word' id='word_1_323' title='bbox 565 3787 619 3832; x_wconf 74' lang='lat' dir='ltr'>inm</span> <span class='ocrx_word' id='word_1_324' title='bbox 646 3795 693 3845; x_wconf 85' lang='lat' dir='ltr'>pro</span> <span class='ocrx_word' id='word_1_325' title='bbox 722 3790 821 3834; x_wconf 73' lang='lat' dir='ltr'>naninnn</span> <span class='ocrx_word' id='word_1_326' title='bbox 851 3781 928 3834; x_wconf 81' lang='lat' dir='ltr'><strong>hebet</strong></span> <span class='ocrx_word' id='word_1_327' title='bbox 950 3783 991 3835; x_wconf 84' lang='lat' dir='ltr'>Mb</span> <span class='ocrx_word' id='word_1_328' title='bbox 1023 3793 1050 3835; x_wconf 77' lang='lat' dir='ltr'>et</span> <span class='ocrx_word' id='word_1_329' title='bbox 1073 3788 1178 3839; x_wconf 59' lang='grc' dir='ltr'>δαίς-118</span> <span class='ocrx_word' id='word_1_330' title='bbox 1203 3801 1249 3852; x_wconf 83' lang='lat' dir='ltr'>pro</span> <span class='ocrx_word' id='word_1_331' title='bbox 1275 3788 1307 3839; x_wconf 78' lang='lat' dir='ltr'>do</span> 
     </span>
     <span class='ocr_line' id='line_1_34' title="bbox 288 3861 1302 3939; baseline 0.009 -25"><span class='ocrx_word' id='word_1_332' title='bbox 288 3865 367 3927; x_wconf 76' lang='lat' dir='ltr'>sannio</span> <span class='ocrx_word' id='word_1_333' title='bbox 386 3861 432 3915; x_wconf 88' lang='lat' dir='ltr'>Bb.</span> <span class='ocrx_word' id='word_1_334' title='bbox 462 3863 601 3932; x_wconf 81' lang='lat' dir='ltr'>Praeposit.</span> <span class='ocrx_word' id='word_1_335' title='bbox 620 3871 650 3921; x_wconf 80' lang='lat' dir='ltr'>de</span> <span class='ocrx_word' id='word_1_336' title='bbox 669 3877 727 3919; x_wconf 79' lang='lat' dir='ltr'>ente</span> <span class='ocrx_word' id='word_1_337' title='bbox 745 3875 949 3939; x_wconf 63' lang='lat' dir='ltr'>conflationibus</span> <span class='ocrx_word' id='word_1_338' title='bbox 968 3887 1017 3924; x_wconf 87' lang='lat' dir='ltr'>om.</span> <span class='ocrx_word' id='word_1_339' title='bbox 1031 3873 1088 3925; x_wconf 81' lang='lat' dir='ltr'>nbc</span> <span class='ocrx_word' id='word_1_340' title='bbox 1106 3882 1130 3925; x_wconf 81' lang='lat' dir='ltr'>oi</span> <span class='ocrx_word' id='word_1_341' title='bbox 1143 3870 1187 3924; x_wconf 81' lang='lat' dir='ltr'>Ba.</span> <span class='ocrx_word' id='word_1_342' title='bbox 1220 3871 1302 3927; x_wconf 85' lang='lat' dir='ltr'>Dein-</span> 
     </span>
    </p>
   </div>
   <div class='ocr_carea' id='block_1_4' title="bbox 288 3954 1303 4098">
    <p class='ocr_par' dir='ltr' id='par_1_4' title="bbox 288 3954 1303 4098">
     <span class='ocr_line' id='line_1_35' title="bbox 289 3954 1303 4032; baseline 0.019 -33"><span class='ocrx_word' id='word_1_343' title='bbox 289 3965 349 4015; x_wconf 85' lang='lat' dir='ltr'><strong>ceps</strong></span> <span class='ocrx_word' id='word_1_344' title='bbox 372 3961 524 4004; x_wconf 69' lang='lat' dir='ltr'>nostrornm</span> <span class='ocrx_word' id='word_1_345' title='bbox 550 3954 635 4006; x_wconf 74' lang='lat' dir='ltr'>scribit</span> <span class='ocrx_word' id='word_1_346' title='bbox 655 3954 684 4006; x_wconf 78' lang='grc' dir='ltr'>Α.</span> <span class='ocrx_word' id='word_1_347' title='bbox 721 3956 780 4009; x_wconf 81' lang='lat' dir='ltr'>Mox</span> <span class='ocrx_word' id='word_1_348' title='bbox 804 3963 983 4030; x_wconf 69' lang='lat' dir='ltr'>contemplans</span> <span class='ocrx_word' id='word_1_349' title='bbox 1007 3974 1054 4028; x_wconf 86' lang='lat' dir='ltr'>pro</span> <span class='ocrx_word' id='word_1_350' title='bbox 1081 3971 1221 4032; x_wconf 73' lang='lat' dir='ltr'>conceptae</span> <span class='ocrx_word' id='word_1_351' title='bbox 1246 3963 1303 4018; x_wconf 83' lang='lat' dir='ltr'>cod.</span> 
     </span>
     <span class='ocr_line' id='line_1_36' title="bbox 288 4034 704 4098; baseline 0.022 -13"><span class='ocrx_word' id='word_1_352' title='bbox 288 4034 417 4090; x_wconf 82' lang='lat' dir='ltr'>Fuxeneio.</span> <span class='ocrx_word' id='word_1_353' title='bbox 453 4037 513 4093; x_wconf 84' lang='lat' dir='ltr'>Tum</span> <span class='ocrx_word' id='word_1_354' title='bbox 533 4044 636 4098; x_wconf 70' lang='lat' dir='ltr'>clansio</span> <span class='ocrx_word' id='word_1_355' title='bbox 655 4041 704 4095; x_wconf 83' lang='lat' dir='ltr'>Md.</span> 
     </span>
    </p>
   </div>
   <div class='ocr_carea' id='block_1_5' title="bbox 0 0 1438 4804">
    <p class='ocr_par' dir='ltr' id='par_1_5' title="bbox 0 0 1438 4804">
     <span class='ocr_line' id='line_1_37' title="bbox 0 0 1438 4804; baseline 0 1"><span class='ocrx_word' id='word_1_356' title='bbox 0 0 1438 4804; x_wconf 95' lang='lat' dir='ltr'> </span> 
     </span>
    </p>
   </div>
  </div>
 </body>
</html>
