2874 4806
568 398 629 463 113

520 639 685 708 XXVIII.

184 781 245 844 Vos
269 755 342 844 vero
360 780 403 860 ¹),
431 780 553 860 iratres,
578 800 703 863 quorum
727 783 814 845 timor
837 783 865 844 in
890 782 976 845 deum
999 801 1111 864 pronus

106 903 146 958 cst
168 903 196 959 el
218 898 248 958 in
270 896 356 959 ruina
379 897 450 958 licet
482 896 597 958 animus
634 897 809 958 constitutus
839 897 907 958 mali
930 898 976 960 sui
1000 915 1113 961 memor

105 1016 160 1087 est,
194 1012 383 1091 paenitentes
418 1028 453 1072 ao
488 1007 624 1073 dolentes
658 1017 781 1091 peccata
812 1017 912 1074 vestra
942 1012 1113 1092 perspicite,

105 1126 304 1206 gravissimum
320 1125 523 1188 conscientiae
547 1119 659 1188 eritneir
682 1127 847 1205 agnesotae,
871 1125 907 1186 ad
931 1125 1114 1206 intellegen-

31 1323 32 1330 ἵ
83 1239 167 1300 attan
189 1239 288 1302 delicti
310 1241 404 1304 vestri
426 1239 532 1303 oculos
556 1239 656 1302 cordts
680 1241 811 1320 aperite,
839 1257 896 1301 nec
918 1238 1114 1320 desperantes

105 1350 330 1415 misericordiam
353 1351 473 1429 domini,
499 1370 557 1414 neo
579 1359 678 1415 tumen
701 1354 757 1414 iam
780 1352 896 1414 veniam
921 1353 1113 1416 vindicantes.
1139 1341 1146 1358 '

105 1465 178 1528 lleus
201 1471 341 1547 quantum
363 1465 456 1545 patris
469 1461 496 1541 ²)
521 1441 632 1545 pictale
654 1464 813 1546 indulgens
837 1483 956 1545 semper
973 1473 1003 1527 et
1018 1466 1115 1528 bonus

106 1586 154 1658 est,
175 1586 287 1642 tantum
310 1578 414 1642 iudicis
438 1578 590 1641 maiestate
612 1555 789 1663 metuendus
806 1586 859 1642 est.
899 1579 992 1653 Quam
1009 1599 1117 1670 magna

107 1693 275 1774 deliquimus
289 1691 335 1774 ³),
358 1700 417 1756 tam
440 1692 595 1776 granditer
618 1691 789 1756 defleamus.
836 1692 903 1756 Alto
928 1692 1045 1756 vulneri
1068 1693 1117 1756 di·

30 1791 37 1880 }
76 1806 194 1891 nligens
218 1815 247 1872 ei
269 1809 360 1890 longa
383 1807 529 1870 medicina
558 1826 620 1870 non
652 1807 736 1870 desit.
782 1809 963 1872 Paenitentia
995 1810 1117 1887 crimine

32 1903 37 1910 ¹
105 1921 232 2000 minor⁴J
255 1940 318 1985 non
341 1923 388 1985 sit.
426 1924 554 1985 Putasne
578 1929 608 1985 tu
633 1921 822 2000 dominum⁵)
847 1909 1019 2004 oilo‘posse
1049 1925 1117 2006 pla-

106 2038 168 2116 cari,
191 2056 279 2119 quem
303 2039 405 2102 verbis
427 2038 549 2119 perlidis
572 2038 710 2116 abnuisti,
736 2037 782 2098 eui
803 2038 1008 2120 patrimonium
1025 2056 1118 2118 prae-

38 2127 45 2217 s
106 2168 211 2230 ponere
249 2152 394 2231 maluisti,
439 2153 524 2214 cuius
567 2152 707 2233 templum
748 2151 897 2233 sacrilega
936 2155 1118 2234 contagione
1192 2231 1194 2235 ,

31 2241 40 2252 χ’
106 2264 237 2352 riolastI?
283 2265 371 2328 Putas
387 2261 414 2342 Β)
448 2265 534 2327 facile
564 2283 631 2327 eum
659 2267 795 2328 misereri
824 2267 885 2344 tui,
920 2285 1007 2346 quern
1035 2272 1115 2328 tuum

31 2433 39 2464 ,ς
77 2388 95 2429 1⁵
107 2395 160 2440 non
183 2397 251 2442 esse
275 2379 401 2445 dixisti?
447 2379 543 2444 Orare
567 2386 686 2462 oportet
700 2373 726 2452 7)
749 2381 901 2462 inpensius
936 2387 965 2442 et
996 2399 1118 2464 rogare,

30 2531 31 2536 ¹
111 2531 308 2550 -ο-ι--Ὗ-..ψη-η.

167 2613 276 2667 XXVIII.
313 2612 343 2692 l)
368 2615 426 2666 Idus
451 2628 514 2664 uero
536 2609 581 2661 Bb.
618 2609 680 2660 Tum
704 2615 806 2679 fratrea
830 2613 999 2665 dilectissimi
1022 2615 1117 2679 primns

30 2703 40 2730 ¹·
107 2702 198 2768 scripsit
211 2698 345 2751 Pamelius.
376 2696 428 2748 Sed
446 2712 471 2748 v.
492 2699 663 2750 dilectissimi
682 2694 755 2747 codd.
775 2699 855 2747 nostri
874 2712 962 2748 omnes
979 2714 1028 2750 om.
1060 2700 1117 2751 Vid.

32 2769 42 2816 s'
107 2785 133 2836 nd
150 2786 238 2838 librum
259 2786 292 2837 de
312 2782 406 2837 cathol.
423 2783 485 2835 ecel.
499 2785 561 2834 unit.
576 2782 637 2850 Cap.
650 2782 680 2834 II.
699 2801 723 2834 n.
740 2783 762 2834 l.
782 2791 808 2834 el
827 2785 859 2835 ad
879 2784 970 2837 librum
990 2787 1022 2837 da
1043 2787 1121 2855 lapsis

36 2928 39 2936 ¹
107 2871 160 2940 Cap.
179 2874 209 2926 11.
234 2891 258 2927 n.
281 2873 321 2924 tu.
348 2880 374 2922 et
398 2871 430 2922 ad
457 2869 516 2938 Cap.
537 2869 622 2922 XXIV.
648 2887 673 2921 n.
695 2871 718 2920 1.
762 2869 850 2922 Statim
878 2881 936 2939 post
962 2876 990 2926 in
1018 2878 1121 2928 dornirro

30 2998 36 3028 2
105 2977 199 3027 monus
217 2960 248 3012 A.
286 2959 349 3011 Exin
375 2962 436 3012 lieet
460 2974 480 3009 r.
500 2973 532 3009 m.
558 2959 736 3026 superscripsit
761 2960 787 3008 in
805 2959 862 3024 blb,
890 2961 949 3011 item
969 2971 1009 3014 eat
1029 2963 1054 3011 in
1073 2961 1121 3014 lllc.

30 3087 35 3116 32
106 3045 130 3096 In
147 3049 304 3117 sequidem
328 3047 395 3098 liber
418 3045 497 3097 habet
522 3049 681 3116 copnoacite.
717 3044 834 3096 Proxime
859 3049 948 3100 delicit
970 3051 1059 3100 nostri
1076 3045 1122 3099 Ba.

30 3151 38 3201 g·
107 3130 161 3184 Turn
182 3151 215 3189 ne
243 3149 291 3201 pro
316 3153 364 3188 nee
389 3133 419 3185 Α.
458 3133 556 3186 Deinde
582 3135 784 3186 misericordiae
808 3131 854 3185 Ba.
891 3133 939 3184 Pro
966 3143 1052 3186 tomen
1080 3133 1122 3186 ttd
1229 3197 1230 3200 Ἴ

30 3259 36 3290 ῑ,
108 3229 199 3276 tontum
222 3221 372 3274 contusione
398 3220 532 3289 frequenti.
568 3219 608 3270 Ad
634 3229 789 3288 postremum
814 3223 983 3274 vendicantes
1008 3221 1074 3272 lllcd.
1100 3221 1122 3273 Α

30 3345 32 3376 p
108 3315 130 3356 et
152 3311 194 3374 (ex
218 3309 320 3377 mutat.)
340 3307 394 3373 lla,
422 3307 628 3374 conspirantibus
652 3306 710 3359 edd.
737 3315 795 3359 unte
815 3307 908 3360 Manat.
932 3309 1058 3362 ornoibus.
1094 3309 1122 3360 ln

32 3447 33 3450 ,
107 3391 144 3444 Mb
161 3400 329 3451 valedicentes
348 3404 450 3448 enatum
470 3403 510 3447 est
528 3411 542 3446 e
561 3397 700 3450 vindicate.
749 3395 777 3462 2)
796 3397 883 3464 patris
902 3410 952 3446 orn.
974 3395 1023 3448 bld.
1060 3395 1123 3447 'lum

30 3513 35 3547 ς
108 3481 240 3553 inadulpsne
262 3488 346 3539 bonus
364 3501 469 3553 seraper
488 3492 528 3536 est
545 3483 634 3534 scribit
652 3481 700 3536 Ile.
736 3482 766 3550 3]
784 3481 820 3533 Ita
838 3481 886 3534 soli
902 3482 934 3533 W
953 3490 978 3534 et
996 3482 1046 3550 blo,
1066 3483 1122 3536 rell.

30 3607 33 3632 ,
108 3567 284 3638 delinquimus.
321 3571 421 3623 Verba:
451 3573 508 3624 Alto
533 3572 640 3624 uulneri
665 3573 778 3640 dilipena
800 3579 825 3622 et
850 3585 899 3622 orn.
924 3571 972 3622 Illa.
1013 3574 1124 3626 Vulnere

107 3651 233 3710 habetba.
270 3658 300 3726 1)
317 3662 406 3713 minor
424 3657 594 3712 oriminebld.
632 3655 661 3723 5)
681 3668 708 3711 tu
727 3660 803 3711 deum
815 3657 873 3710 blbo
893 3647 981 3722 ecttn'
998 3661 1039 3723 (tu
1056 3660 1119 3724 om.)

30 3797 31 3804 p
109 3740 179 3796 deuna
196 3747 246 3798 cito
264 3747 369 3813 placari
384 3763 469 3815 posce
485 3745 516 3797 Α.
552 3743 619 3796 Intra
640 3752 801 3800 contactione
821 3762 867 3813 pn,
887 3761 917 3797 ex
937 3745 1037 3798 emend.
1056 3763 1076 3797 r.
1090 3761 1123 3796 nn.

111 3837 255 3900 contupione
280 3831 327 3884 blc.
373 3833 403 3901 6)
429 3837 547 3888 Putasne
570 3832 617 3887 Ilb.
655 3832 712 3885 Vid.
738 3834 769 3885 ad
794 3831 854 3900 Cap.
873 3832 903 3884 V.
928 3850 953 3884 n.
974 3835 1013 3884 11.
1041 3843 1066 3885 et
1091 3834 1124 3884 ad

110 3910 166 3983 Cap.
185 3917 226 3972 vt.
246 3936 271 3972 n.
290 3920 314 3972 9.
353 3919 418 3972 Ilein
436 3923 517 3990 facile
536 3939 596 3975 cum
612 3937 721 3992 poscent
738 3923 862 3975 misereri
880 3919 912 3984 A,
930 3923 1057 3975 miserere
1074 3919 1123 3974 tto.

110 3998 162 4055 llox
184 4023 243 4061 ease
268 4025 321 4062 nort
347 4010 445 4062 dimoti
460 4006 504 4070 llb
524 4017 551 4060 et
568 4009 601 4061 Α.
649 4002 678 4077 i)
701 4010 785 4064 Oeen
810 4017 834 4063 ta
858 4017 958 4078 oportet
974 4005 1019 4062 aa.
1054 4007 1124 4060 Idem
1148 4012 1156 4030 ⁸

897 4093 917 4159 8
