2894 4804
751 454 813 522 tto

271 619 309 682 ad
330 616 455 682 infames
479 631 581 680 aarum
603 631 639 678 ao
661 613 850 678 detestabiles
878 611 994 678 fabulas
1020 612 1210 697 ingemescit,
1239 611 1284 676 sic

270 731 326 796 ilos
355 731 505 814 virginum
536 728 751 811 exstinguitur,
781 729 878 792 bonor
907 728 1107 792 continentiae
1129 745 1165 790 ac
1187 725 1285 808 pudor

270 843 413 922 caeditur,
435 843 533 927 gloria
556 841 652 905 omnis
674 859 709 904 ac
732 839 861 923 dignitas
882 839 1064 922 profanatur.
1103 838 1152 904 Sic
1174 855 1208 900 sc
1224 857 1284 901 ex-

269 965 419 1042 pugnator
436 956 476 1036 ¹¹)
506 956 641 1022 inimicus
671 973 727 1038 per
755 962 834 1018 artes
858 973 928 1020 suas
950 957 1072 1032 inserit;
1104 955 1148 1018 sic
1170 953 1284 1018 insidiis

243 1092 325 1155 aper
348 1073 463 1136 occulta
486 1071 657 1135 fallentibus
680 1070 814 1134 diabolus
838 1071 964 1152 obrepit.
1009 1070 1068 1150 Sic,
1092 1069 1160 1133 dum
1184 1068 1286 1134 ornari

270 1187 388 1266 cultius,
411 1185 480 1249 dum
501 1169 680 1260 liberius'12)
705 1185 828 1268 evagari
849 1184 984 1267 uirgines
999 1183 1113 1263 volunt,
1136 1200 1205 1246 esse
1220 1182 1286 1244 vir-

269 1302 356 1383 gines
380 1297 669 1377 desinunt,iurtivo
694 1297 846 1362 dedecore
870 1305 1044 1381 corruptae,
1067 1297 1175 1362 viduae
1197 1306 1286 1362 aute-

268 1433 357 1496 quam
385 1420 514 1494 nuptae,
545 1430 607 1476 nou
638 1413 750 1492 mariti,
780 1412 836 1476 sed
859 1412 967 1476 Christi
998 1412 1168 1492 adulterae,
1193 1431 1287 1494 ,quam

269 1527 387 1592 fuerant
408 1527 548 1609 praemiis
571 1527 742 1612 ingentibus
757 1527 892 1610 virgines
912 1526 1084 1607 destinatae,
1107 1533 1165 1591 tam
1180 1545 1288 1610 magua

230 1657 257 1701 ro
270 1643 414 1725 supplicia
433 1659 490 1726 pro
514 1643 622 1706 amissa
643 1642 813 1726 virginitate
835 1657 989 1706 sensurae.

731 1835 824 1906 XVI.

355 1980 465 2047 Audite
485 1979 508 2062 ¹)
545 1981 662 2064 itaque,
706 1981 857 2064 virgines,
895 1988 927 2044 ut
964 1987 1136 2066 parentem;
1178 1979 1289 2060 audite,

269 2114 381 2177 quaeso
405 2113 477 2176 vos,
500 2095 651 2157 timentem
673 2095 785 2176 pariter
808 2113 843 2158 ac
866 2101 1055 2175 monentem,
1083 2096 1183 2158 audite
1206 2096 1289 2159 utili·

267 2331 339 2384 seqq.
362 2318 395 2369 ad
413 2317 578 2369 detestabiles
590 2315 639 2367 bid.
671 2313 732 2366 Tum
751 2317 905 2385 inqemeeeit
917 2312 957 2364 W.
967 2311 1020 2367 Mb.
1034 2311 1063 2368 Β.
1075 2312 1117 2368 Fr.
1130 2313 1210 2366 Emm.
1227 2313 1249 2366 1.
1265 2322 1291 2365 et

268 2419 306 2470 pr.
319 2401 367 2452 bia.
388 2401 640 2472 Ἰ11ιι1ς.ιἰιριεηιίεοίι.
672 2399 745 2452 Coui.
759 2402 792 2452 ad
805 2401 895 2452 librum
908 2401 940 2452 de
960 2401 1030 2454 cath.
1039 2402 1134 2454 eccles.
1151 2404 1212 2454 unit.
1227 2401 1289 2470 Cap.

268 2489 355 2541 xviii.
375 2506 399 2541 n.
413 2491 437 2542 5.
469 2488 534 2541 Dein
551 2493 602 2560 tica
616 2494 702 2544 amaia
717 2490 757 2541 bid
770 2498 924 2558 veteresque
938 2490 997 2540 edd.
1011 2507 1033 2542 c.
1047 2489 1184 2554 Rembolt,
1203 2493 1290 2542 omnis

269 2576 308 2627 Mc
326 2593 340 2628 a
358 2594 377 2628 r.
391 2594 423 2628 m.
436 2580 460 2629 iu
479 2593 529 2645 mg.
565 2575 651 2629 Statim
671 2583 840 2650 ectinquitar
851 2578 890 2628 W.
905 2577 978 2630 biabc
991 2587 1016 2630 et
1028 2587 1090 2631 vett.
1105 2579 1173 2643 edd,
1192 2581 1287 2632 extia-

269 2665 534 2736 peraccessimus.
552 2666 574 2716 1.
607 2667 665 2718 Mox
683 2685 714 2720 ac
733 2667 764 2718 ab
784 2665 816 2719 al.
835 2683 867 2716 nr.
887 2668 953 2716 inter
971 2681 1035 2717 vers.
1055 2665 1133 2717 habet
1146 2665 1185 2715 W.
1223 2663 1289 2716 Dein

270 2757 388 2807 caeditur
413 2753 472 2805 dant
490 2752 530 2804 W.
550 2753 616 2806 neb.
634 2753 676 2806 Fr.
695 2752 775 2804 Erum.
797 2755 819 2804 1.
839 2751 867 2803 Β.
887 2751 924 2817 Α,
949 2756 1063 2806 laeditur
1088 2761 1127 2804 est
1150 2753 1175 2803 iu
1196 2749 1288 2818 Neap,

267 2847 376 2913 ponitur
401 2845 427 2893 in
452 2841 517 2893 bicd.
538 2842 593 2893 Vat.
612 2843 742 2906 omnibus,
769 2841 895 2909 editisque
914 2841 1008 2892 Manat.
1027 2838 1236 2892 antecedentibus
1261 2846 1288 2889 et

269 2933 293 2982 in
313 2929 408 2981 Moreil.
456 2928 501 2995 11)
521 2940 690 3000 empcrqnatuc
709 2929 764 2994 tiu,
789 2928 847 2980 libri
871 2931 981 2998 quinque
1001 2938 1062 2981 vett.
1082 2945 1096 2980 a
1114 2926 1218 2979 Balueio
1238 2941 1286 2976 ex-

177 3019 181 3030 '
269 3021 334 3071 cusai
352 3026 505 3086 veteresque
525 3017 583 3070 edd.
604 3034 625 3070 c.
644 3017 733 3069 Rcmb.
753 3015 851 3068 Erasm.
872 3024 898 3068 et
917 3015 991 3069 Grai.
1023 3015 1189 3068 Confirmatur
1208 3014 1288 3065 attera

268 3106 346 3158 lectio
374 3121 424 3157 uon
444 3105 525 3156 solum
545 3105 677 3157 codicibus
695 3104 750 3156 rell.
771 3105 881 3170 nostris,
907 3105 952 3156 sed
971 3106 1047 3156 etiarn
1065 3104 1199 3156 duodecim
1218 3103 1287 3153 auti-

268 3197 324 3265 quis
338 3193 479 3246 Baiueiauis
497 3195 640 3263 ceterisque
660 3193 741 3246 editis.
773 3193 892 3245 Similiter
904 3193 997 3245 Noster
1015 3193 1047 3244 de
1066 3191 1142 3259 lapsis
1156 3189 1216 3257 Cap.
1231 3188 1286 3240 bt:

268 3288 368 3337 bostem
386 3290 410 3334 et
426 3293 636 3352 eoepapnatorem
654 3285 826 3336 domesticam
843 3299 895 3335 non
913 3286 1042 3336 baberent.
1084 3279 1141 3331 Mox
1164 3282 1193 3332 in
1211 3279 1285 3331 iasi-

268 3372 322 3424 da'is
341 3368 370 3419 B.
406 3367 467 3420 Tum
487 3373 612 3424 diabulus
632 3369 678 3420 tta.
716 3368 760 3432 12)
780 3373 829 3423 Sic
848 3371 910 3422 dom
928 3367 1081 3423 tiberiani.
1118 3365 1183 3418 Dein
1201 3367 1288 3419 voluit

268 3455 336 3508 idem
354 3455 427 3508 liber.
469 3456 536 3509 luira
554 3461 649 3511 inuitae
667 3455 696 3509 B.
739 3457 826 3509 Statim
844 3463 938 3511 stante
957 3456 996 3509 ed.
1017 3455 1156 3520 Daventr.,
1179 3455 1286 3506 maritis

269 3545 319 3596 Md.
355 3545 382 3597 lu
407 3561 478 3615 seqq.
497 3543 538 3596 Fr.
557 3544 647 3606 Emm„
661 3545 682 3598 1.
702 3545 780 3598 habet
803 3551 911 3616 fueram
934 3550 963 3599 ia
985 3547 1116 3617 praemiis
1142 3547 1286 3598 destinatae

268 3636 402 3704 airqiaes‚·
421 3650 480 3685 voc.
497 3637 616 3703 airqiaes
635 3649 684 3688 orn.
704 3634 751 3687 Mn.
793 3633 858 3686 Dein
883 3638 1035 3689 destinanda
1059 3633 1120 3699 (sic)
1146 3633 1242 3701 iegitur
1259 3633 1285 3684 iu

268 3721 310 3772 bid
329 3729 354 3772 ct
372 3720 430 3774 cdd.
449 3729 511 3772 vett.
530 3729 607 3790 atque
626 3721 714 3774 Remb.
751 3721 869 3775 Proxime
888 3722 927 3774 Mc
951 3723 1038 3775 scribit
1061 3739 1112 3793 pro
1130 3723 1285 3790 oirqiaitcte

269 3812 371 3863 antisse
390 3817 416 3860 et
433 3823 479 3876 pro
498 3827 629 3864 sensurae
646 3812 669 3861 Α
686 3825 819 3878 perperam
839 3830 947 3866 arsura.
994 3819 1000 3826 ”

338 3894 403 3949 xv1.
430 3896 458 3965 1)
477 3895 575 3950 Omissa
594 3898 682 3951 verbo*
700 3903 787 3954 caedite
804 3902 826 3951 Α
844 3900 884 3952 bis
908 3901 981 3967 ponit
1004 3903 1098 3971 itaque.
1141 3898 1182 3951 bic
1205 3897 1283 3950 habet

266 3988 350 4039 iiten·

266 4006 353 4126 ityaqae
372 4055 466 4124 (altera
483 4055 594 4108 lectione
612 4057 645 4108 ab
663 4074 684 4113 r.
704 4073 736 4111 m.
755 4058 952 4128 superscripta);
977 4061 1064 4129 icitur
1080 4061 1140 4112 item
1157 4059 1283 4128 reperitur
1363 4060 1369 4068 '
