<?xml version="1.0" encoding="UTF-8"?>
<!DOCTYPE html PUBLIC "-//W3C//DTD XHTML 1.0 Transitional//EN"
    "http://www.w3.org/TR/xhtml1/DTD/xhtml1-transitional.dtd">
<html xmlns="http://www.w3.org/1999/xhtml" xml:lang="en" lang="en">
 <head>
  <title>
</title>
<meta http-equiv="Content-Type" content="text/html;charset=utf-8" />
  <meta name='ocr-system' content='tesseract 3.04.00' />
  <meta name='ocr-capabilities' content='ocr_page ocr_carea ocr_par ocr_line ocrx_word'/>
</head>
<body>
  <div class='ocr_page' id='page_1' title='image "./scaecilicyprian00krabgoog_0138.png"; bbox 0 0 2874 4806; ppageno 0'>
   <div class='ocr_carea' id='block_1_1' title="bbox 567 407 631 480">
    <p class='ocr_par' dir='ltr' id='par_1_1' title="bbox 567 407 631 480">
     <span class='ocr_line' id='line_1_1' title="bbox 567 407 631 480; baseline -0.063 0"><span class='ocrx_word' id='word_1_1' title='bbox 567 407 631 480; x_wconf 78' lang='lat' dir='ltr'><strong>ili</strong></span> 
     </span>
    </p>
   </div>
   <div class='ocr_carea' id='block_1_2' title="bbox 71 565 1108 1789">
    <p class='ocr_par' dir='ltr' id='par_1_2' title="bbox 81 565 1108 1563">
     <span class='ocr_line' id='line_1_2' title="bbox 105 565 1106 653; baseline 0.004 -23"><span class='ocrx_word' id='word_1_2' title='bbox 105 565 161 630; x_wconf 88' lang='lat' dir='ltr'><strong>suis</strong></span> <span class='ocrx_word' id='word_1_3' title='bbox 183 565 431 632; x_wconf 65' lang='lat' dir='ltr'><strong>satisfactionibus</strong></span> <span class='ocrx_word' id='word_1_4' title='bbox 454 569 590 648; x_wconf 86' lang='lat' dir='ltr'><strong>moverit,</strong></span> <span class='ocrx_word' id='word_1_5' title='bbox 613 569 639 632; x_wconf 90' lang='lat' dir='ltr'><strong>si</strong></span> <span class='ocrx_word' id='word_1_6' title='bbox 662 570 727 632; x_wconf 90' lang='lat' dir='ltr'><strong>eius</strong></span> <span class='ocrx_word' id='word_1_7' title='bbox 750 571 840 650; x_wconf 86' lang='lat' dir='ltr'><strong>iram,</strong></span> <span class='ocrx_word' id='word_1_8' title='bbox 872 571 897 634; x_wconf 89' lang='lat' dir='ltr'><strong>si</strong></span> <span class='ocrx_word' id='word_1_9' title='bbox 927 569 1106 653; x_wconf 86' lang='lat' dir='ltr'><strong>indignantis</strong></span> 
     </span>
     <span class='ocr_line' id='line_1_3' title="bbox 106 679 1107 764; baseline 0.002 -21"><span class='ocrx_word' id='word_1_10' title='bbox 106 679 240 743; x_wconf 81' lang='lat' dir='ltr'><strong>offensam</strong></span> <span class='ocrx_word' id='word_1_11' title='bbox 262 683 337 744; x_wconf 88' lang='lat' dir='ltr'><strong>iusta</strong></span> <span class='ocrx_word' id='word_1_12' title='bbox 362 680 576 764; x_wconf 75' lang='lat' dir='ltr'><strong>deprecatione</strong></span> <span class='ocrx_word' id='word_1_13' title='bbox 599 682 777 764; x_wconf 83' lang='lat' dir='ltr'><strong>placaverit,</strong></span> <span class='ocrx_word' id='word_1_14' title='bbox 810 682 858 744; x_wconf 91' lang='lat' dir='ltr'><strong>dal</strong></span> <span class='ocrx_word' id='word_1_15' title='bbox 887 683 935 744; x_wconf 89' lang='lat' dir='ltr'><strong>ille</strong></span> <span class='ocrx_word' id='word_1_16' title='bbox 965 689 994 744; x_wconf 92' lang='lat' dir='ltr'><strong>et</strong></span> <span class='ocrx_word' id='word_1_17' title='bbox 1026 699 1107 746; x_wconf 85' lang='lat' dir='ltr'><strong>arma</strong></span> 
     </span>
     <span class='ocr_line' id='line_1_4' title="bbox 103 794 1106 878; baseline 0.005 -24"><span class='ocrx_word' id='word_1_18' title='bbox 103 810 221 872; x_wconf 89' lang='lat' dir='ltr'><strong>rursurn,</strong></span> <span class='ocrx_word' id='word_1_19' title='bbox 245 794 350 875; x_wconf 89' lang='lat' dir='ltr'><strong>quibus</strong></span> <span class='ocrx_word' id='word_1_20' title='bbox 373 795 469 858; x_wconf 91' lang='lat' dir='ltr'><strong>victus</strong></span> <span class='ocrx_word' id='word_1_21' title='bbox 492 802 630 874; x_wconf 88' lang='lat' dir='ltr'><strong>armetur,</strong></span> <span class='ocrx_word' id='word_1_22' title='bbox 652 803 772 878; x_wconf 92' lang='lat' dir='ltr'><strong>reparat</strong></span> <span class='ocrx_word' id='word_1_23' title='bbox 798 803 826 858; x_wconf 88' lang='lat' dir='ltr'><strong>et</strong></span> <span class='ocrx_word' id='word_1_24' title='bbox 850 797 1027 860; x_wconf 86' lang='lat' dir='ltr'><strong>corroborat</strong></span> <span class='ocrx_word' id='word_1_25' title='bbox 1055 798 1106 859; x_wconf 92' lang='lat' dir='ltr'><strong>vi-</strong></span> 
     </span>
     <span class='ocr_line' id='line_1_5' title="bbox 102 906 1106 993; baseline 0.003 -25"><span class='ocrx_word' id='word_1_26' title='bbox 102 923 163 986; x_wconf 90' lang='lat' dir='ltr'><strong>res,</strong></span> <span class='ocrx_word' id='word_1_27' title='bbox 194 907 299 987; x_wconf 88' lang='lat' dir='ltr'><strong>quibus</strong></span> <span class='ocrx_word' id='word_1_28' title='bbox 327 906 401 970; x_wconf 86' lang='lat' dir='ltr'><strong>fides</strong></span> <span class='ocrx_word' id='word_1_29' title='bbox 431 909 592 972; x_wconf 89' lang='lat' dir='ltr'><strong>instaurata</strong></span> <span class='ocrx_word' id='word_1_30' title='bbox 615 916 782 992; x_wconf 86' lang='lat' dir='ltr'><strong>vegetetur.</strong></span> <span class='ocrx_word' id='word_1_31' title='bbox 826 909 952 993; x_wconf 88' lang='lat' dir='ltr'><strong>Repetet</strong></span> <span class='ocrx_word' id='word_1_32' title='bbox 971 909 1011 988; x_wconf 89' lang='lat'><strong>¹¹)</strong></span> <span class='ocrx_word' id='word_1_33' title='bbox 1034 929 1106 973; x_wconf 91' lang='lat' dir='ltr'><strong>cer-</strong></span> 
     </span>
     <span class='ocr_line' id='line_1_6' title="bbox 81 1023 1108 1106; baseline 0.006 -26"><span class='ocrx_word' id='word_1_34' title='bbox 81 1027 191 1084; x_wconf 86' lang='lat' dir='ltr'><strong>ttamen</strong></span> <span class='ocrx_word' id='word_1_35' title='bbox 216 1039 300 1084; x_wconf 88' lang='lat' dir='ltr'><strong>suum</strong></span> <span class='ocrx_word' id='word_1_36' title='bbox 324 1023 418 1101; x_wconf 89' lang='lat' dir='ltr'><strong>miles,</strong></span> <span class='ocrx_word' id='word_1_37' title='bbox 441 1024 559 1085; x_wconf 90' lang='lat' dir='ltr'><strong>iterabit</strong></span> <span class='ocrx_word' id='word_1_38' title='bbox 580 1025 693 1102; x_wconf 89' lang='lat' dir='ltr'><strong>acietn,</strong></span> <span class='ocrx_word' id='word_1_39' title='bbox 725 1026 899 1106; x_wconf 84' lang='lat' dir='ltr'><strong>provocabit</strong></span> <span class='ocrx_word' id='word_1_40' title='bbox 920 1025 1053 1104; x_wconf 89' lang='lat' dir='ltr'><strong>bostem,</strong></span> <span class='ocrx_word' id='word_1_41' title='bbox 1077 1031 1108 1087; x_wconf 85' lang='lat' dir='ltr'><strong>el</strong></span> 
     </span>
     <span class='ocr_line' id='line_1_7' title="bbox 102 1133 1107 1220; baseline 0.004 -24"><span class='ocrx_word' id='word_1_42' title='bbox 102 1134 213 1215; x_wconf 84' lang='lat' dir='ltr'><strong>quidem</strong></span> <span class='ocrx_word' id='word_1_43' title='bbox 236 1133 331 1198; x_wconf 87' lang='lat' dir='ltr'><strong>lactus</strong></span> <span class='ocrx_word' id='word_1_44' title='bbox 354 1135 391 1197; x_wconf 92' lang='lat' dir='ltr'><strong>ad</strong></span> <span class='ocrx_word' id='word_1_45' title='bbox 414 1137 557 1217; x_wconf 87' lang='lat' dir='ltr'><strong>praelium</strong></span> <span class='ocrx_word' id='word_1_46' title='bbox 581 1137 689 1200; x_wconf 84' lang='lat' dir='ltr'><strong>sortior</strong></span> <span class='ocrx_word' id='word_1_47' title='bbox 712 1157 767 1220; x_wconf 92' lang='lat' dir='ltr'><strong>per</strong></span> <span class='ocrx_word' id='word_1_48' title='bbox 790 1137 934 1202; x_wconf 89' lang='lat' dir='ltr'><strong>dolorem.</strong></span> <span class='ocrx_word' id='word_1_49' title='bbox 981 1140 1037 1214; x_wconf 81' lang='lat' dir='ltr'><strong>Qui</strong></span> <span class='ocrx_word' id='word_1_50' title='bbox 1063 1140 1107 1201; x_wconf 92' lang='lat' dir='ltr'><strong>sic</strong></span> 
     </span>
     <span class='ocr_line' id='line_1_8' title="bbox 102 1245 1107 1335; baseline 0.004 -25"><span class='ocrx_word' id='word_1_51' title='bbox 102 1248 153 1312; x_wconf 91' lang='lat' dir='ltr'><strong>deo</strong></span> <span class='ocrx_word' id='word_1_52' title='bbox 173 1245 210 1326; x_wconf 67' lang='grc' dir='ltr'><strong>Π)</strong></span> <span class='ocrx_word' id='word_1_53' title='bbox 232 1250 426 1330; x_wconf 80' lang='lat' dir='ltr'><strong>satisfacerit,</strong></span> <span class='ocrx_word' id='word_1_54' title='bbox 459 1253 508 1332; x_wconf 88' lang='lat' dir='ltr'><strong>qui</strong></span> <span class='ocrx_word' id='word_1_55' title='bbox 532 1253 710 1333; x_wconf 89' lang='lat' dir='ltr'><strong>paenitentia</strong></span> <span class='ocrx_word' id='word_1_56' title='bbox 734 1252 802 1315; x_wconf 89' lang='lat' dir='ltr'><strong>lacti</strong></span> <span class='ocrx_word' id='word_1_57' title='bbox 825 1255 888 1332; x_wconf 91' lang='lat' dir='ltr'><strong>sui,</strong></span> <span class='ocrx_word' id='word_1_58' title='bbox 920 1254 968 1335; x_wconf 88' lang='lat' dir='ltr'><strong>qui</strong></span> <span class='ocrx_word' id='word_1_59' title='bbox 991 1253 1107 1334; x_wconf 89' lang='lat' dir='ltr'><strong>pudore</strong></span> 
     </span>
     <span class='ocr_line' id='line_1_9' title="bbox 101 1361 1107 1449; baseline 0.005 -26"><span class='ocrx_word' id='word_1_60' title='bbox 101 1361 190 1424; x_wconf 89' lang='lat' dir='ltr'><strong>delicti</strong></span> <span class='ocrx_word' id='word_1_61' title='bbox 218 1362 284 1445; x_wconf 92' lang='lat' dir='ltr'><strong>plus</strong></span> <span class='ocrx_word' id='word_1_62' title='bbox 318 1371 349 1426; x_wconf 91' lang='lat' dir='ltr'><strong>et</strong></span> <span class='ocrx_word' id='word_1_63' title='bbox 379 1367 494 1428; x_wconf 84' lang='lat' dir='ltr'><strong>virtutis</strong></span> <span class='ocrx_word' id='word_1_64' title='bbox 518 1373 547 1428; x_wconf 89' lang='lat' dir='ltr'><strong>et</strong></span> <span class='ocrx_word' id='word_1_65' title='bbox 569 1366 637 1430; x_wconf 90' lang='lat' dir='ltr'><strong>lidei</strong></span> <span class='ocrx_word' id='word_1_66' title='bbox 661 1367 698 1429; x_wconf 92' lang='lat' dir='ltr'><strong>de</strong></span> <span class='ocrx_word' id='word_1_67' title='bbox 721 1368 786 1449; x_wconf 93' lang='lat' dir='ltr'><strong>ipso</strong></span> <span class='ocrx_word' id='word_1_68' title='bbox 810 1367 911 1449; x_wconf 91' lang='lat' dir='ltr'><strong>lapsus</strong></span> <span class='ocrx_word' id='word_1_69' title='bbox 934 1367 980 1428; x_wconf 93' lang='lat' dir='ltr'><strong>sui</strong></span> <span class='ocrx_word' id='word_1_70' title='bbox 1003 1365 1107 1428; x_wconf 89' lang='lat' dir='ltr'><strong>dolore</strong></span> 
     </span>
     <span class='ocr_line' id='line_1_10' title="bbox 102 1479 1106 1563; baseline 0.002 -25"><span class='ocrx_word' id='word_1_71' title='bbox 102 1479 283 1560; x_wconf 87' lang='lat' dir='ltr'><strong>conceperit,</strong></span> <span class='ocrx_word' id='word_1_72' title='bbox 307 1480 462 1543; x_wconf 84' lang='lat' dir='ltr'><strong>exauditus</strong></span> <span class='ocrx_word' id='word_1_73' title='bbox 487 1486 516 1544; x_wconf 90' lang='lat' dir='ltr'><strong>el</strong></span> <span class='ocrx_word' id='word_1_74' title='bbox 540 1481 656 1544; x_wconf 89' lang='lat' dir='ltr'><strong>adiutus</strong></span> <span class='ocrx_word' id='word_1_75' title='bbox 679 1501 695 1544; x_wconf 91' lang='lat' dir='ltr'><strong>a</strong></span> <span class='ocrx_word' id='word_1_76' title='bbox 719 1482 857 1561; x_wconf 88' lang='lat' dir='ltr'><strong>domino,</strong></span> <span class='ocrx_word' id='word_1_77' title='bbox 881 1499 968 1563; x_wconf 84' lang='lat' dir='ltr'><strong>quarn</strong></span> <span class='ocrx_word' id='word_1_78' title='bbox 991 1481 1106 1542; x_wconf 92' lang='lat' dir='ltr'><strong>contri-</strong></span> 
     </span>
    </p>

    <p class='ocr_par' dir='ltr' id='par_1_3' title="bbox 71 1593 1107 1789">
     <span class='ocr_line' id='line_1_11' title="bbox 71 1593 1107 1677; baseline 0.007 -26"><span class='ocrx_word' id='word_1_79' title='bbox 71 1597 223 1654; x_wconf 75' lang='lat' dir='ltr'><strong>instaverat</strong></span> <span class='ocrx_word' id='word_1_80' title='bbox 245 1611 358 1677; x_wconf 89' lang='lat' dir='ltr'><strong>nuper,</strong></span> <span class='ocrx_word' id='word_1_81' title='bbox 388 1595 496 1660; x_wconf 88' lang='lat' dir='ltr'><strong>laelaro</strong></span> <span class='ocrx_word' id='word_1_82' title='bbox 519 1595 608 1658; x_wconf 82' lang='lat' dir='ltr'><strong>faciet</strong></span> <span class='ocrx_word' id='word_1_83' title='bbox 629 1593 812 1674; x_wconf 65' lang='lat' dir='ltr'><strong>Ecclesiam</strong></span> <span class='ocrx_word' id='word_1_84' title='bbox 843 1615 900 1660; x_wconf 86' lang='lat' dir='ltr'><strong>noc</strong></span> <span class='ocrx_word' id='word_1_85' title='bbox 928 1597 985 1657; x_wconf 85' lang='lat' dir='ltr'><strong>iarn</strong></span> <span class='ocrx_word' id='word_1_86' title='bbox 1013 1595 1107 1658; x_wconf 87' lang='lat' dir='ltr'><strong>solaro</strong></span> 
     </span>
     <span class='ocr_line' id='line_1_12' title="bbox 102 1705 730 1789; baseline 0.006 -21"><span class='ocrx_word' id='word_1_87' title='bbox 102 1705 143 1768; x_wconf 95' lang='lat' dir='ltr'><strong>dei</strong></span> <span class='ocrx_word' id='word_1_88' title='bbox 164 1707 282 1770; x_wconf 88' lang='lat' dir='ltr'><strong>veniant</strong></span> <span class='ocrx_word' id='word_1_89' title='bbox 304 1707 474 1789; x_wconf 89' lang='lat' dir='ltr'><strong>merebitur,</strong></span> <span class='ocrx_word' id='word_1_90' title='bbox 499 1708 555 1772; x_wconf 89' lang='lat' dir='ltr'><strong>sed</strong></span> <span class='ocrx_word' id='word_1_91' title='bbox 579 1727 730 1772; x_wconf 88' lang='lat' dir='ltr'><strong>coronam.</strong></span> 
     </span>
    </p>
   </div>
   <div class='ocr_carea' id='block_1_3' title="bbox 27 1931 1109 2536">
    <p class='ocr_par' dir='ltr' id='par_1_4' title="bbox 100 1931 1105 2006">
     <span class='ocr_line' id='line_1_13' title="bbox 100 1931 1105 2006; baseline 0.002 -20"><span class='ocrx_word' id='word_1_92' title='bbox 100 1935 124 1988; x_wconf 86' lang='lat' dir='ltr'><strong>ri</strong></span> <span class='ocrx_word' id='word_1_93' title='bbox 144 1941 200 1985; x_wconf 87' lang='lat' dir='ltr'><strong>aute</strong></span> <span class='ocrx_word' id='word_1_94' title='bbox 223 1936 387 2006; x_wconf 75' lang='lat' dir='ltr'><strong>indipaaatia</strong></span> <span class='ocrx_word' id='word_1_95' title='bbox 410 1931 483 1986; x_wconf 85' lang='lat' dir='ltr'><strong>abest</strong></span> <span class='ocrx_word' id='word_1_96' title='bbox 500 1950 515 1986; x_wconf 90' lang='lat' dir='ltr'><strong>a</strong></span> <span class='ocrx_word' id='word_1_97' title='bbox 533 1932 580 1988; x_wconf 88' lang='lat' dir='ltr'><strong>Bb.</strong></span> <span class='ocrx_word' id='word_1_98' title='bbox 615 1934 673 1988; x_wconf 83' lang='lat' dir='ltr'><strong>blox</strong></span> <span class='ocrx_word' id='word_1_99' title='bbox 697 1949 744 2003; x_wconf 91' lang='lat' dir='ltr'><strong>pro</strong></span> <span class='ocrx_word' id='word_1_100' title='bbox 769 1939 914 2005; x_wconf 73' lang='lat' dir='ltr'><strong>placaverit</strong></span> <span class='ocrx_word' id='word_1_101' title='bbox 937 1939 963 1988; x_wconf 91' lang='lat' dir='ltr'><strong>in</strong></span> <span class='ocrx_word' id='word_1_102' title='bbox 981 1937 1005 1988; x_wconf 86' lang='lat' dir='ltr'><strong>tt</strong></span> <span class='ocrx_word' id='word_1_103' title='bbox 1023 1943 1105 1988; x_wconf 87' lang='lat' dir='ltr'><strong>exstat</strong></span> 
     </span>
    </p>

    <p class='ocr_par' dir='ltr' id='par_1_5' title="bbox 27 2020 1109 2536">
     <span class='ocr_line' id='line_1_14' title="bbox 99 2020 1107 2091; baseline -0.001 -17"><span class='ocrx_word' id='word_1_104' title='bbox 99 2023 232 2091; x_wconf 80' lang='lat' dir='ltr'><strong>placuerit,</strong></span> <span class='ocrx_word' id='word_1_105' title='bbox 252 2037 301 2073; x_wconf 90' lang='lat' dir='ltr'><strong>nec</strong></span> <span class='ocrx_word' id='word_1_106' title='bbox 313 2020 387 2073; x_wconf 85' lang='lat' dir='ltr'><strong>aliter</strong></span> <span class='ocrx_word' id='word_1_107' title='bbox 397 2037 434 2089; x_wconf 89' lang='lat' dir='ltr'><strong>pr.</strong></span> <span class='ocrx_word' id='word_1_108' title='bbox 449 2021 604 2074; x_wconf 84' lang='lat' dir='ltr'><strong>exhibebant</strong></span> <span class='ocrx_word' id='word_1_109' title='bbox 617 2021 681 2075; x_wconf 88' lang='lat' dir='ltr'><strong>llbc.</strong></span> <span class='ocrx_word' id='word_1_110' title='bbox 714 2021 800 2074; x_wconf 88' lang='lat' dir='ltr'><strong>Statim</strong></span> <span class='ocrx_word' id='word_1_111' title='bbox 813 2023 868 2074; x_wconf 88' lang='lat' dir='ltr'><strong>cod.</strong></span> <span class='ocrx_word' id='word_1_112' title='bbox 882 2021 994 2075; x_wconf 81' lang='lat' dir='ltr'><strong>Lamonii</strong></span> <span class='ocrx_word' id='word_1_113' title='bbox 1007 2023 1107 2090; x_wconf 79' lang='lat' dir='ltr'><strong>scribit:</strong></span> 
     </span>
     <span class='ocr_line' id='line_1_15' title="bbox 27 2095 1105 2180; baseline 0.003 -18"><span class='ocrx_word' id='word_1_114' title='bbox 27 2095 28 2102; x_wconf 9' lang='grc' dir='ltr'>ἵ</span> <span class='ocrx_word' id='word_1_115' title='bbox 100 2111 138 2162; x_wconf 76' lang='lat' dir='ltr'><strong>viat</strong></span> <span class='ocrx_word' id='word_1_116' title='bbox 152 2111 196 2164; x_wconf 84' lang='lat' dir='ltr'><strong>itta</strong></span> <span class='ocrx_word' id='word_1_117' title='bbox 213 2127 290 2162; x_wconf 79' lang='lat' dir='ltr'><strong>ama</strong></span> <span class='ocrx_word' id='word_1_118' title='bbox 307 2112 435 2179; x_wconf 81' lang='lat' dir='ltr'><strong>iustitiae,</strong></span> <span class='ocrx_word' id='word_1_119' title='bbox 456 2114 550 2180; x_wconf 84' lang='lat' dir='ltr'><strong>patius</strong></span> <span class='ocrx_word' id='word_1_120' title='bbox 568 2113 660 2165; x_wconf 80' lang='lat' dir='ltr'><strong>iustus</strong></span> <span class='ocrx_word' id='word_1_121' title='bbox 677 2121 801 2164; x_wconf 80' lang='lat' dir='ltr'><strong>artaretur.</strong></span> <span class='ocrx_word' id='word_1_122' title='bbox 832 2109 932 2162; x_wconf 90' lang='lat' dir='ltr'><strong>Deinde</strong></span> <span class='ocrx_word' id='word_1_123' title='bbox 944 2110 980 2162; x_wconf 85' lang='lat' dir='ltr'><strong>Ba</strong></span> <span class='ocrx_word' id='word_1_124' title='bbox 992 2129 1105 2178; x_wconf 76' lang='lat' dir='ltr'><strong>curatae,</strong></span> 
     </span>
     <span class='ocr_line' id='line_1_16' title="bbox 99 2196 1109 2267; baseline -0.001 -18"><span class='ocrx_word' id='word_1_125' title='bbox 99 2213 175 2267; x_wconf 86' lang='lat' dir='ltr'><strong>equo</strong></span> <span class='ocrx_word' id='word_1_126' title='bbox 194 2205 297 2250; x_wconf 85' lang='lat' dir='ltr'><strong>anatum</strong></span> <span class='ocrx_word' id='word_1_127' title='bbox 322 2205 361 2248; x_wconf 87' lang='lat' dir='ltr'><strong>est</strong></span> <span class='ocrx_word' id='word_1_128' title='bbox 383 2207 496 2252; x_wconf 80' lang='lat' dir='ltr'><strong>rarartm</strong></span> <span class='ocrx_word' id='word_1_129' title='bbox 520 2199 545 2250; x_wconf 91' lang='lat' dir='ltr'><strong>iu</strong></span> <span class='ocrx_word' id='word_1_130' title='bbox 564 2197 611 2249; x_wconf 85' lang='lat' dir='ltr'><strong>bia.</strong></span> <span class='ocrx_word' id='word_1_131' title='bbox 648 2196 772 2249; x_wconf 82' lang='lat' dir='ltr'><strong>Neutrum</strong></span> <span class='ocrx_word' id='word_1_132' title='bbox 790 2200 917 2265; x_wconf 89' lang='lat' dir='ltr'><strong>reperitur</strong></span> <span class='ocrx_word' id='word_1_133' title='bbox 934 2199 958 2248; x_wconf 92' lang='lat' dir='ltr'><strong>in</strong></span> <span class='ocrx_word' id='word_1_134' title='bbox 979 2196 1010 2248; x_wconf 86' lang='lat' dir='ltr'><strong>tt.</strong></span> <span class='ocrx_word' id='word_1_135' title='bbox 1048 2197 1109 2248; x_wconf 88' lang='lat' dir='ltr'><strong>Turn</strong></span> 
     </span>
     <span class='ocr_line' id='line_1_17' title="bbox 98 2282 1108 2356; baseline -0.001 -19"><span class='ocrx_word' id='word_1_136' title='bbox 98 2294 231 2355; x_wconf 83' lang='lat' dir='ltr'><strong>praeparat</strong></span> <span class='ocrx_word' id='word_1_137' title='bbox 248 2283 326 2336; x_wconf 86' lang='lat' dir='ltr'><strong>babet</strong></span> <span class='ocrx_word' id='word_1_138' title='bbox 338 2282 383 2336; x_wconf 88' lang='lat' dir='ltr'><strong>Ba.</strong></span> <span class='ocrx_word' id='word_1_139' title='bbox 414 2283 481 2336; x_wconf 79' lang='lat' dir='ltr'><strong>Ante</strong></span> <span class='ocrx_word' id='word_1_140' title='bbox 499 2289 564 2356; x_wconf 71' lang='lat' dir='ltr'><strong>platea</strong></span> <span class='ocrx_word' id='word_1_141' title='bbox 584 2287 609 2338; x_wconf 94' lang='lat' dir='ltr'><strong>in</strong></span> <span class='ocrx_word' id='word_1_142' title='bbox 624 2284 664 2337; x_wconf 83' lang='lat' dir='ltr'><strong>tte</strong></span> <span class='ocrx_word' id='word_1_143' title='bbox 682 2285 749 2338; x_wconf 90' lang='lat' dir='ltr'><strong>male</strong></span> <span class='ocrx_word' id='word_1_144' title='bbox 767 2288 889 2353; x_wconf 84' lang='lat' dir='ltr'><strong>repetitur</strong></span> <span class='ocrx_word' id='word_1_145' title='bbox 905 2290 987 2340; x_wconf 83' lang='lat' dir='ltr'><strong>cirea.</strong></span> <span class='ocrx_word' id='word_1_146' title='bbox 1019 2285 1108 2337; x_wconf 84' lang='lat' dir='ltr'><strong>Statim</strong></span> 
     </span>
     <span class='ocr_line' id='line_1_18' title="bbox 99 2370 1108 2443; baseline 0.001 -20"><span class='ocrx_word' id='word_1_147' title='bbox 99 2370 133 2424; x_wconf 80' lang='lat' dir='ltr'><strong>tta</strong></span> <span class='ocrx_word' id='word_1_148' title='bbox 150 2380 176 2424; x_wconf 87' lang='lat' dir='ltr'><strong>et</strong></span> <span class='ocrx_word' id='word_1_149' title='bbox 192 2371 215 2424; x_wconf 82' lang='grc' dir='ltr'><strong>Α</strong></span> <span class='ocrx_word' id='word_1_150' title='bbox 233 2388 369 2440; x_wconf 82' lang='lat' dir='ltr'><strong>perperam</strong></span> <span class='ocrx_word' id='word_1_151' title='bbox 388 2373 501 2425; x_wconf 88' lang='lat' dir='ltr'><strong>scribunt</strong></span> <span class='ocrx_word' id='word_1_152' title='bbox 519 2384 635 2443; x_wconf 82' lang='lat' dir='ltr'><strong>cepetar.</strong></span> <span class='ocrx_word' id='word_1_153' title='bbox 670 2372 704 2424; x_wconf 89' lang='lat' dir='ltr'><strong>Et</strong></span> <span class='ocrx_word' id='word_1_154' title='bbox 721 2376 754 2424; x_wconf 91' lang='lat' dir='ltr'><strong>ita</strong></span> <span class='ocrx_word' id='word_1_155' title='bbox 773 2389 812 2441; x_wconf 92' lang='lat' dir='ltr'><strong>pr.</strong></span> <span class='ocrx_word' id='word_1_156' title='bbox 830 2372 966 2443; x_wconf 84' lang='lat' dir='ltr'><strong>legebatur</strong></span> <span class='ocrx_word' id='word_1_157' title='bbox 984 2375 1058 2424; x_wconf 90' lang='lat' dir='ltr'><strong>etiarn</strong></span> <span class='ocrx_word' id='word_1_158' title='bbox 1083 2375 1108 2424; x_wconf 90' lang='lat' dir='ltr'><strong>in</strong></span> 
     </span>
     <span class='ocr_line' id='line_1_19' title="bbox 98 2457 1106 2536; baseline 0.002 -26"><span class='ocrx_word' id='word_1_159' title='bbox 98 2457 126 2510; x_wconf 84' lang='lat' dir='ltr'>W</span> <span class='ocrx_word' id='word_1_160' title='bbox 142 2468 168 2511; x_wconf 89' lang='lat' dir='ltr'><strong>et</strong></span> <span class='ocrx_word' id='word_1_161' title='bbox 184 2459 232 2513; x_wconf 86' lang='lat' dir='ltr'><strong>bic.</strong></span> <span class='ocrx_word' id='word_1_162' title='bbox 271 2459 314 2524; x_wconf 88' lang='lat' dir='ltr'><strong>tt)</strong></span> <span class='ocrx_word' id='word_1_163' title='bbox 336 2463 445 2532; x_wconf 82' lang='lat' dir='ltr'><strong>lispetat</strong></span> <span class='ocrx_word' id='word_1_164' title='bbox 462 2460 518 2526; x_wconf 86' lang='lat' dir='ltr'><strong>lla,</strong></span> <span class='ocrx_word' id='word_1_165' title='bbox 543 2471 639 2532; x_wconf 86' lang='lat' dir='ltr'><strong>repetet</strong></span> <span class='ocrx_word' id='word_1_166' title='bbox 658 2471 681 2516; x_wconf 93' lang='lat' dir='ltr'><strong>et</strong></span> <span class='ocrx_word' id='word_1_167' title='bbox 698 2461 749 2526; x_wconf 87' lang='lat' dir='ltr'><strong>bid,</strong></span> <span class='ocrx_word' id='word_1_168' title='bbox 769 2470 796 2513; x_wconf 84' lang='lat' dir='ltr'><strong>ut</strong></span> <span class='ocrx_word' id='word_1_169' title='bbox 815 2462 873 2514; x_wconf 90' lang='lat' dir='ltr'><strong>edd.</strong></span> <span class='ocrx_word' id='word_1_170' title='bbox 894 2460 1010 2536; x_wconf 80' lang='lat' dir='ltr'><strong>Gravian.</strong></span> <span class='ocrx_word' id='word_1_171' title='bbox 1031 2470 1106 2514; x_wconf 90' lang='lat' dir='ltr'><strong>ante·</strong></span> 
     </span>
    </p>
   </div>
   <div class='ocr_carea' id='block_1_4' title="bbox 97 2559 1109 2828">
    <p class='ocr_par' dir='ltr' id='par_1_6' title="bbox 97 2559 1109 2828">
     <span class='ocr_line' id='line_1_20' title="bbox 99 2559 1107 2655; baseline 0.001 -21"><span class='ocrx_word' id='word_1_172' title='bbox 99 2583 211 2636; x_wconf 85' lang='lat' dir='ltr'><strong>cedentes</strong></span> <span class='ocrx_word' id='word_1_173' title='bbox 230 2591 257 2636; x_wconf 84' lang='lat' dir='ltr'><strong>et</strong></span> <span class='ocrx_word' id='word_1_174' title='bbox 274 2580 387 2649; x_wconf 78' lang='lat' dir='ltr'><strong>Marcii,</strong></span> <span class='ocrx_word' id='word_1_175' title='bbox 412 2593 509 2655; x_wconf 83' lang='lat' dir='ltr'><strong>repetet</strong></span> <span class='ocrx_word' id='word_1_176' title='bbox 527 2559 551 2603; x_wconf 51' lang='grc' dir='ltr'><strong>θ’</strong></span> <span class='ocrx_word' id='word_1_177' title='bbox 569 2594 698 2638; x_wconf 77' lang='lat' dir='ltr'><strong>certamen</strong></span> <span class='ocrx_word' id='word_1_178' title='bbox 717 2584 753 2653; x_wconf 88' lang='lat' dir='ltr'><strong>(et</strong></span> <span class='ocrx_word' id='word_1_179' title='bbox 772 2601 786 2636; x_wconf 92' lang='lat' dir='ltr'><strong>a</strong></span> <span class='ocrx_word' id='word_1_180' title='bbox 806 2601 870 2638; x_wconf 89' lang='lat' dir='ltr'><strong>corr.</strong></span> <span class='ocrx_word' id='word_1_181' title='bbox 890 2601 922 2637; x_wconf 84' lang='lat' dir='ltr'><strong>nr.</strong></span> <span class='ocrx_word' id='word_1_182' title='bbox 942 2600 1018 2652; x_wconf 87' lang='lat' dir='ltr'><strong>supra</strong></span> <span class='ocrx_word' id='word_1_183' title='bbox 1037 2583 1107 2648; x_wconf 87' lang='lat' dir='ltr'><strong>add.)</strong></span> 
     </span>
     <span class='ocr_line' id='line_1_21' title="bbox 98 2667 1107 2742; baseline 0.002 -22"><span class='ocrx_word' id='word_1_184' title='bbox 98 2667 139 2722; x_wconf 89' lang='lat' dir='ltr'><strong>llic.</strong></span> <span class='ocrx_word' id='word_1_185' title='bbox 173 2670 235 2722; x_wconf 85' lang='lat' dir='ltr'><strong>Tum</strong></span> <span class='ocrx_word' id='word_1_186' title='bbox 259 2673 365 2724; x_wconf 76' lang='lat' dir='ltr'><strong>iteravit</strong></span> <span class='ocrx_word' id='word_1_187' title='bbox 390 2669 437 2738; x_wconf 88' lang='lat' dir='ltr'><strong>(ita</strong></span> <span class='ocrx_word' id='word_1_188' title='bbox 463 2687 501 2739; x_wconf 93' lang='lat' dir='ltr'><strong>pr.</strong></span> <span class='ocrx_word' id='word_1_189' title='bbox 527 2672 603 2722; x_wconf 88' lang='lat' dir='ltr'><strong>etiam</strong></span> <span class='ocrx_word' id='word_1_190' title='bbox 622 2669 673 2734; x_wconf 83' lang='lat' dir='ltr'><strong>lla)</strong></span> <span class='ocrx_word' id='word_1_191' title='bbox 700 2680 725 2723; x_wconf 89' lang='lat' dir='ltr'><strong>et</strong></span> <span class='ocrx_word' id='word_1_192' title='bbox 750 2687 781 2724; x_wconf 85' lang='lat' dir='ltr'><strong>ex</strong></span> <span class='ocrx_word' id='word_1_193' title='bbox 806 2687 872 2724; x_wconf 88' lang='lat' dir='ltr'><strong>corr.</strong></span> <span class='ocrx_word' id='word_1_194' title='bbox 893 2676 1048 2742; x_wconf 61' lang='lat' dir='ltr'><strong>perorabit</strong></span> <span class='ocrx_word' id='word_1_195' title='bbox 1066 2671 1107 2736; x_wconf 88' lang='lat' dir='ltr'><strong>W,</strong></span> 
     </span>
     <span class='ocr_line' id='line_1_22' title="bbox 97 2753 1109 2828; baseline 0.001 -18"><span class='ocrx_word' id='word_1_196' title='bbox 97 2759 194 2813; x_wconf 66' lang='lat' dir='ltr'><strong>inavit</strong></span> <span class='ocrx_word' id='word_1_197' title='bbox 213 2785 244 2796; x_wconf 91' lang='lat'>-</span> <span class='ocrx_word' id='word_1_198' title='bbox 264 2761 420 2828; x_wconf 62' lang='lat' dir='ltr'><strong>maceravit</strong></span> <span class='ocrx_word' id='word_1_199' title='bbox 437 2753 483 2822; x_wconf 88' lang='lat' dir='ltr'><strong>Ba,</strong></span> <span class='ocrx_word' id='word_1_200' title='bbox 501 2761 607 2811; x_wconf 83' lang='lat' dir='ltr'><strong>iterabit</strong></span> <span class='ocrx_word' id='word_1_201' title='bbox 625 2756 687 2821; x_wconf 89' lang='lat' dir='ltr'><strong>(boc</strong></span> <span class='ocrx_word' id='word_1_202' title='bbox 705 2758 811 2810; x_wconf 88' lang='lat' dir='ltr'><strong>verbum</strong></span> <span class='ocrx_word' id='word_1_203' title='bbox 827 2773 883 2810; x_wconf 90' lang='lat' dir='ltr'><strong>curn</strong></span> <span class='ocrx_word' id='word_1_204' title='bbox 897 2758 1109 2826; x_wconf 85' lang='lat' dir='ltr'><strong>praecedentibus</strong></span> 
     </span>
    </p>
   </div>
   <div class='ocr_carea' id='block_1_5' title="bbox 96 2861 1189 4002">
    <p class='ocr_par' dir='ltr' id='par_1_7' title="bbox 96 2861 1189 4002">
     <span class='ocr_line' id='line_1_23' title="bbox 98 2861 1108 2951; baseline 0.003 -19"><span class='ocrx_word' id='word_1_205' title='bbox 98 2883 275 2949; x_wconf 82' lang='lat' dir='ltr'><strong>coniungens),</strong></span> <span class='ocrx_word' id='word_1_206' title='bbox 300 2861 329 2898; x_wconf 72' lang='lat' dir='ltr'><em>m</em></span> <span class='ocrx_word' id='word_1_207' title='bbox 354 2883 437 2934; x_wconf 83' lang='lat' dir='ltr'><strong>aciem</strong></span> <span class='ocrx_word' id='word_1_208' title='bbox 462 2881 664 2948; x_wconf 82' lang='lat' dir='ltr'><strong>(praepositione</strong></span> <span class='ocrx_word' id='word_1_209' title='bbox 690 2897 705 2932; x_wconf 90' lang='lat' dir='ltr'><strong>a</strong></span> <span class='ocrx_word' id='word_1_210' title='bbox 728 2896 793 2933; x_wconf 90' lang='lat' dir='ltr'><strong>corr.</strong></span> <span class='ocrx_word' id='word_1_211' title='bbox 817 2898 849 2933; x_wconf 83' lang='lat' dir='ltr'><strong>tn.</strong></span> <span class='ocrx_word' id='word_1_212' title='bbox 869 2886 1008 2948; x_wconf 87' lang='lat' dir='ltr'><strong>superscr.)</strong></span> <span class='ocrx_word' id='word_1_213' title='bbox 1033 2899 1108 2951; x_wconf 86' lang='lat' dir='ltr'><strong>proc.</strong></span> 
     </span>
     <span class='ocr_line' id='line_1_24' title="bbox 96 2963 1189 3048; baseline 0.002 -30"><span class='ocrx_word' id='word_1_214' title='bbox 96 2963 145 3031; x_wconf 80' lang='lat' dir='ltr'><strong>bic;</strong></span> <span class='ocrx_word' id='word_1_215' title='bbox 162 2975 191 3023; x_wconf 84' lang='lat' dir='ltr'><strong>itt</strong></span> <span class='ocrx_word' id='word_1_216' title='bbox 209 2971 267 3022; x_wconf 85' lang='lat' dir='ltr'><strong>acie</strong></span> <span class='ocrx_word' id='word_1_217' title='bbox 285 2965 335 3019; x_wconf 80' lang='lat' dir='ltr'><strong>Md.</strong></span> <span class='ocrx_word' id='word_1_218' title='bbox 365 2966 424 3019; x_wconf 81' lang='lat' dir='ltr'><strong>bion</strong></span> <span class='ocrx_word' id='word_1_219' title='bbox 442 2971 602 3038; x_wconf 58' lang='lat' dir='ltr'><strong>interpretata</strong></span> <span class='ocrx_word' id='word_1_220' title='bbox 621 2967 665 3020; x_wconf 87' lang='lat' dir='ltr'><strong>Ba.</strong></span> <span class='ocrx_word' id='word_1_221' title='bbox 696 2967 797 3021; x_wconf 82' lang='lat' dir='ltr'><strong>Deinde</strong></span> <span class='ocrx_word' id='word_1_222' title='bbox 815 2972 918 3037; x_wconf 70' lang='lat' dir='ltr'><strong>farciat*</strong></span> <span class='ocrx_word' id='word_1_223' title='bbox 936 2973 970 3020; x_wconf 87' lang='lat' dir='ltr'><strong>ad</strong></span> <span class='ocrx_word' id='word_1_224' title='bbox 986 2971 1109 3036; x_wconf 80' lang='lat' dir='ltr'><strong>prestitam</strong></span> <span class='ocrx_word' id='word_1_225' title='bbox 1185 3033 1189 3048; x_wconf 27' lang='grc' dir='ltr'>ι</span> 
     </span>
     <span class='ocr_line' id='line_1_25' title="bbox 97 3053 1106 3126; baseline 0 -20"><span class='ocrx_word' id='word_1_226' title='bbox 97 3055 202 3120; x_wconf 61' lang='lat' dir='ltr'><strong>(nield.</strong></span> <span class='ocrx_word' id='word_1_227' title='bbox 233 3054 296 3107; x_wconf 85' lang='lat' dir='ltr'><strong>Tum</strong></span> <span class='ocrx_word' id='word_1_228' title='bbox 313 3065 376 3125; x_wconf 80' lang='lat' dir='ltr'><strong>part</strong></span> <span class='ocrx_word' id='word_1_229' title='bbox 393 3056 511 3109; x_wconf 87' lang='lat' dir='ltr'><strong>dolorem</strong></span> <span class='ocrx_word' id='word_1_230' title='bbox 528 3054 658 3123; x_wconf 82' lang='lat' dir='ltr'><strong>llesp.3.‚</strong></span> <span class='ocrx_word' id='word_1_231' title='bbox 676 3073 725 3126; x_wconf 85' lang='lat' dir='ltr'><strong>pra</strong></span> <span class='ocrx_word' id='word_1_232' title='bbox 745 3058 833 3108; x_wconf 88' lang='lat' dir='ltr'><strong>datore</strong></span> <span class='ocrx_word' id='word_1_233' title='bbox 852 3070 888 3122; x_wconf 91' lang='lat' dir='ltr'><strong>pr.</strong></span> <span class='ocrx_word' id='word_1_234' title='bbox 906 3053 953 3106; x_wconf 88' lang='lat' dir='ltr'><strong>illc.</strong></span> <span class='ocrx_word' id='word_1_235' title='bbox 992 3053 1037 3121; x_wconf 85' lang='lat'><strong>12)</strong></span> <span class='ocrx_word' id='word_1_236' title='bbox 1057 3057 1106 3106; x_wconf 84' lang='lat' dir='ltr'><strong>to-</strong></span> 
     </span>
     <span class='ocr_line' id='line_1_26' title="bbox 96 3139 1106 3212; baseline -0.004 -17"><span class='ocrx_word' id='word_1_237' title='bbox 96 3146 160 3198; x_wconf 84' lang='lat' dir='ltr'><strong>rtiaa</strong></span> <span class='ocrx_word' id='word_1_238' title='bbox 178 3143 237 3195; x_wconf 87' lang='lat' dir='ltr'><strong>lter.</strong></span> <span class='ocrx_word' id='word_1_239' title='bbox 274 3139 390 3195; x_wconf 86' lang='lat' dir='ltr'><strong>Proxime</strong></span> <span class='ocrx_word' id='word_1_240' title='bbox 412 3146 598 3211; x_wconf 77' lang='lat' dir='ltr'><strong>paenitentiam</strong></span> <span class='ocrx_word' id='word_1_241' title='bbox 621 3171 652 3182; x_wconf 89' lang='lat'><strong>·-</strong></span> <span class='ocrx_word' id='word_1_242' title='bbox 670 3146 795 3212; x_wconf 78' lang='lat' dir='ltr'><strong>portarem</strong></span> <span class='ocrx_word' id='word_1_243' title='bbox 813 3139 860 3193; x_wconf 82' lang='lat' dir='ltr'><strong>Bu.</strong></span> <span class='ocrx_word' id='word_1_244' title='bbox 897 3139 1014 3190; x_wconf 85' lang='lat' dir='ltr'><strong>Pronum.</strong></span> <span class='ocrx_word' id='word_1_245' title='bbox 1033 3139 1106 3192; x_wconf 84' lang='lat' dir='ltr'><strong>relat.</strong></span> 
     </span>
     <span class='ocr_line' id='line_1_27' title="bbox 97 3225 1109 3298; baseline -0.006 -15"><span class='ocrx_word' id='word_1_246' title='bbox 97 3234 136 3298; x_wconf 78' lang='lat' dir='ltr'><strong>qui</strong></span> <span class='ocrx_word' id='word_1_247' title='bbox 152 3245 166 3282; x_wconf 88' lang='lat' dir='ltr'><strong>a</strong></span> <span class='ocrx_word' id='word_1_248' title='bbox 184 3245 250 3284; x_wconf 85' lang='lat' dir='ltr'><strong>corr.</strong></span> <span class='ocrx_word' id='word_1_249' title='bbox 271 3245 303 3280; x_wconf 86' lang='lat' dir='ltr'><strong>m.</strong></span> <span class='ocrx_word' id='word_1_250' title='bbox 322 3228 436 3282; x_wconf 86' lang='lat' dir='ltr'><strong>additum</strong></span> <span class='ocrx_word' id='word_1_251' title='bbox 455 3236 494 3281; x_wconf 89' lang='lat' dir='ltr'><strong>est</strong></span> <span class='ocrx_word' id='word_1_252' title='bbox 511 3231 538 3280; x_wconf 92' lang='lat' dir='ltr'><strong>in</strong></span> <span class='ocrx_word' id='word_1_253' title='bbox 559 3227 606 3280; x_wconf 88' lang='lat' dir='ltr'><strong>lle.</strong></span> <span class='ocrx_word' id='word_1_254' title='bbox 644 3227 706 3279; x_wconf 88' lang='lat' dir='ltr'><strong>&#39;lum</strong></span> <span class='ocrx_word' id='word_1_255' title='bbox 730 3231 818 3282; x_wconf 80' lang='lat' dir='ltr'><strong>delicti</strong></span> <span class='ocrx_word' id='word_1_256' title='bbox 843 3227 887 3294; x_wconf 83' lang='lat' dir='ltr'><strong>(ab</strong></span> <span class='ocrx_word' id='word_1_257' title='bbox 907 3226 938 3278; x_wconf 89' lang='lat' dir='ltr'><strong>al.</strong></span> <span class='ocrx_word' id='word_1_258' title='bbox 959 3230 1004 3294; x_wconf 83' lang='lat' dir='ltr'><strong>nr.)</strong></span> <span class='ocrx_word' id='word_1_259' title='bbox 1030 3225 1109 3278; x_wconf 84' lang='lat' dir='ltr'><strong>habet</strong></span> 
     </span>
     <span class='ocr_line' id='line_1_28' title="bbox 96 3312 1108 3385; baseline -0.008 -13"><span class='ocrx_word' id='word_1_260' title='bbox 96 3313 133 3381; x_wconf 81' lang='lat' dir='ltr'><strong>W,</strong></span> <span class='ocrx_word' id='word_1_261' title='bbox 150 3321 238 3372; x_wconf 80' lang='lat' dir='ltr'><strong>delicti</strong></span> <span class='ocrx_word' id='word_1_262' title='bbox 255 3319 302 3372; x_wconf 82' lang='lat' dir='ltr'><strong>arti</strong></span> <span class='ocrx_word' id='word_1_263' title='bbox 319 3315 406 3368; x_wconf 83' lang='lat' dir='ltr'><strong>scribit</strong></span> <span class='ocrx_word' id='word_1_264' title='bbox 424 3315 455 3368; x_wconf 83' lang='grc' dir='ltr'><strong>Δ.</strong></span> <span class='ocrx_word' id='word_1_265' title='bbox 491 3312 620 3382; x_wconf 87' lang='lat' dir='ltr'><strong>Deinceps</strong></span> <span class='ocrx_word' id='word_1_266' title='bbox 636 3318 701 3385; x_wconf 83' lang='lat' dir='ltr'><strong>plus</strong></span> <span class='ocrx_word' id='word_1_267' title='bbox 719 3319 829 3369; x_wconf 78' lang='lat' dir='ltr'><strong>virtutis</strong></span> <span class='ocrx_word' id='word_1_268' title='bbox 847 3325 871 3368; x_wconf 84' lang='lat' dir='ltr'><strong>et</strong></span> <span class='ocrx_word' id='word_1_269' title='bbox 888 3318 949 3383; x_wconf 71' lang='lat' dir='ltr'><strong>fidei</strong></span> <span class='ocrx_word' id='word_1_270' title='bbox 966 3323 1108 3366; x_wconf 87' lang='lat' dir='ltr'><strong>correctura</strong></span> 
     </span>
     <span class='ocr_line' id='line_1_29' title="bbox 97 3400 1106 3476; baseline -0.004 -21"><span class='ocrx_word' id='word_1_271' title='bbox 97 3411 131 3456; x_wconf 88' lang='lat' dir='ltr'><strong>est</strong></span> <span class='ocrx_word' id='word_1_272' title='bbox 152 3420 167 3456; x_wconf 88' lang='lat' dir='ltr'><strong>e</strong></span> <span class='ocrx_word' id='word_1_273' title='bbox 189 3409 252 3476; x_wconf 80' lang='lat' dir='ltr'><strong>plur</strong></span> <span class='ocrx_word' id='word_1_274' title='bbox 275 3413 301 3458; x_wconf 84' lang='lat' dir='ltr'><strong>et</strong></span> <span class='ocrx_word' id='word_1_275' title='bbox 323 3406 386 3458; x_wconf 75' lang='lat' dir='ltr'><strong>virt.</strong></span> <span class='ocrx_word' id='word_1_276' title='bbox 409 3406 452 3472; x_wconf 73' lang='lat' dir='ltr'><strong>pt.</strong></span> <span class='ocrx_word' id='word_1_277' title='bbox 476 3404 502 3454; x_wconf 92' lang='lat' dir='ltr'><strong>iu</strong></span> <span class='ocrx_word' id='word_1_278' title='bbox 521 3402 578 3468; x_wconf 82' lang='lat' dir='ltr'><strong>tte,</strong></span> <span class='ocrx_word' id='word_1_279' title='bbox 605 3407 715 3457; x_wconf 64' lang='lat' dir='ltr'><strong>obtatis</strong></span> <span class='ocrx_word' id='word_1_280' title='bbox 739 3405 799 3472; x_wconf 76' lang='lat' dir='ltr'><strong>fidei</strong></span> <span class='ocrx_word' id='word_1_281' title='bbox 821 3406 969 3473; x_wconf 82' lang='lat' dir='ltr'><strong>prolapsus</strong></span> <span class='ocrx_word' id='word_1_282' title='bbox 993 3402 1040 3453; x_wconf 83' lang='lat' dir='ltr'><strong>dat</strong></span> <span class='ocrx_word' id='word_1_283' title='bbox 1059 3400 1106 3466; x_wconf 92' lang='lat' dir='ltr'><strong>Bb,</strong></span> 
     </span>
     <span class='ocr_line' id='line_1_30' title="bbox 96 3487 1109 3562; baseline -0.005 -19"><span class='ocrx_word' id='word_1_284' title='bbox 96 3493 168 3562; x_wconf 79' lang='lat' dir='ltr'><strong>lapara</strong></span> <span class='ocrx_word' id='word_1_285' title='bbox 183 3511 236 3548; x_wconf 80' lang='lat' dir='ltr'><strong>aaa</strong></span> <span class='ocrx_word' id='word_1_286' title='bbox 254 3489 311 3558; x_wconf 87' lang='lat' dir='ltr'><strong>ttb,</strong></span> <span class='ocrx_word' id='word_1_287' title='bbox 336 3506 385 3543; x_wconf 88' lang='lat' dir='ltr'><strong>nec</strong></span> <span class='ocrx_word' id='word_1_288' title='bbox 410 3489 489 3542; x_wconf 86' lang='lat' dir='ltr'><strong>tnulto</strong></span> <span class='ocrx_word' id='word_1_289' title='bbox 516 3499 574 3558; x_wconf 87' lang='lat' dir='ltr'><strong>post</strong></span> <span class='ocrx_word' id='word_1_290' title='bbox 595 3509 672 3560; x_wconf 79' lang='lat' dir='ltr'><strong>quam</strong></span> <span class='ocrx_word' id='word_1_291' title='bbox 689 3493 746 3561; x_wconf 63' lang='lat' dir='ltr'><strong>pub*</strong></span> <span class='ocrx_word' id='word_1_292' title='bbox 760 3493 964 3544; x_wconf 79' lang='lat' dir='ltr'><strong>contristaverat</strong></span> <span class='ocrx_word' id='word_1_293' title='bbox 982 3489 1012 3541; x_wconf 84' lang='lat' dir='ltr'><strong>n.</strong></span> <span class='ocrx_word' id='word_1_294' title='bbox 1050 3487 1109 3540; x_wconf 88' lang='lat' dir='ltr'><strong>blox</strong></span> 
     </span>
     <span class='ocr_line' id='line_1_31' title="bbox 96 3575 1105 3646; baseline -0.002 -14"><span class='ocrx_word' id='word_1_295' title='bbox 96 3581 241 3636; x_wconf 72' lang='lat' dir='ltr'><strong>Ecclesiam</strong></span> <span class='ocrx_word' id='word_1_296' title='bbox 259 3587 330 3631; x_wconf 88' lang='lat' dir='ltr'><strong>recte</strong></span> <span class='ocrx_word' id='word_1_297' title='bbox 349 3575 445 3629; x_wconf 87' lang='lat' dir='ltr'><strong>babent</strong></span> <span class='ocrx_word' id='word_1_298' title='bbox 463 3576 522 3628; x_wconf 91' lang='lat' dir='ltr'><strong>edd.</strong></span> <span class='ocrx_word' id='word_1_299' title='bbox 541 3593 578 3645; x_wconf 94' lang='lat' dir='ltr'><strong>pr.</strong></span> <span class='ocrx_word' id='word_1_300' title='bbox 598 3576 690 3631; x_wconf 74' lang='lat' dir='ltr'><strong>Manui.</strong></span> <span class='ocrx_word' id='word_1_301' title='bbox 709 3577 803 3629; x_wconf 86' lang='lat' dir='ltr'><strong>Pamcl.</strong></span> <span class='ocrx_word' id='word_1_302' title='bbox 822 3577 878 3646; x_wconf 81' lang='lat' dir='ltr'><strong>tttg.</strong></span> <span class='ocrx_word' id='word_1_303' title='bbox 899 3577 996 3643; x_wconf 75' lang='lat' dir='ltr'><strong>Oxou,</strong></span> <span class='ocrx_word' id='word_1_304' title='bbox 1018 3580 1105 3631; x_wconf 89' lang='lat' dir='ltr'><strong>eccle-</strong></span> 
     </span>
     <span class='ocr_line' id='line_1_32' title="bbox 97 3664 1106 3736; baseline -0.008 -13"><span class='ocrx_word' id='word_1_305' title='bbox 97 3672 159 3724; x_wconf 84' lang='lat' dir='ltr'><strong>siam</strong></span> <span class='ocrx_word' id='word_1_306' title='bbox 183 3670 238 3723; x_wconf 91' lang='lat' dir='ltr'><strong>rell.</strong></span> <span class='ocrx_word' id='word_1_307' title='bbox 274 3667 346 3722; x_wconf 86' lang='lat' dir='ltr'><strong>Coni.</strong></span> <span class='ocrx_word' id='word_1_308' title='bbox 367 3666 429 3736; x_wconf 85' lang='lat' dir='ltr'><strong>Cap.</strong></span> <span class='ocrx_word' id='word_1_309' title='bbox 448 3665 479 3718; x_wconf 90' lang='lat' dir='ltr'><strong>tt.</strong></span> <span class='ocrx_word' id='word_1_310' title='bbox 498 3667 552 3718; x_wconf 86' lang='lat' dir='ltr'><strong>init.</strong></span> <span class='ocrx_word' id='word_1_311' title='bbox 572 3675 598 3718; x_wconf 91' lang='lat' dir='ltr'><strong>et</strong></span> <span class='ocrx_word' id='word_1_312' title='bbox 617 3665 677 3736; x_wconf 86' lang='lat' dir='ltr'><strong>Cap.</strong></span> <span class='ocrx_word' id='word_1_313' title='bbox 696 3667 748 3719; x_wconf 90' lang='lat' dir='ltr'><strong>llll.</strong></span> <span class='ocrx_word' id='word_1_314' title='bbox 785 3671 823 3722; x_wconf 90' lang='lat' dir='ltr'><strong>Ne</strong></span> <span class='ocrx_word' id='word_1_315' title='bbox 842 3683 887 3736; x_wconf 91' lang='lat' dir='ltr'><strong>pro</strong></span> <span class='ocrx_word' id='word_1_316' title='bbox 906 3683 955 3719; x_wconf 83' lang='lat' dir='ltr'><strong>racc</strong></span> <span class='ocrx_word' id='word_1_317' title='bbox 973 3664 1063 3716; x_wconf 87' lang='lat' dir='ltr'><strong>Venet.</strong></span> <span class='ocrx_word' id='word_1_318' title='bbox 1082 3665 1106 3715; x_wconf 88' lang='lat'><strong>2.</strong></span> 
     </span>
     <span class='ocr_line' id='line_1_33' title="bbox 97 3751 1107 3812; baseline -0.005 -5"><span class='ocrx_word' id='word_1_319' title='bbox 97 3753 179 3809; x_wconf 88' lang='lat' dir='ltr'><strong>liemb.</strong></span> <span class='ocrx_word' id='word_1_320' title='bbox 216 3757 332 3808; x_wconf 83' lang='lat' dir='ltr'><strong>Proxime</strong></span> <span class='ocrx_word' id='word_1_321' title='bbox 356 3759 411 3810; x_wconf 77' lang='lat' dir='ltr'><strong>soli</strong></span> <span class='ocrx_word' id='word_1_322' title='bbox 434 3756 465 3808; x_wconf 85' lang='grc' dir='ltr'><strong>Α.</strong></span> <span class='ocrx_word' id='word_1_323' title='bbox 500 3754 600 3808; x_wconf 87' lang='lat' dir='ltr'><strong>Deinde</strong></span> <span class='ocrx_word' id='word_1_324' title='bbox 624 3761 672 3811; x_wconf 81' lang='lat' dir='ltr'><strong>seat</strong></span> <span class='ocrx_word' id='word_1_325' title='bbox 698 3775 822 3812; x_wconf 85' lang='lat' dir='ltr'><strong>coronam</strong></span> <span class='ocrx_word' id='word_1_326' title='bbox 840 3755 880 3809; x_wconf 91' lang='lat' dir='ltr'><strong>W.</strong></span> <span class='ocrx_word' id='word_1_327' title='bbox 898 3753 980 3806; x_wconf 86' lang='lat' dir='ltr'><strong>blabd.</strong></span> <span class='ocrx_word' id='word_1_328' title='bbox 1003 3751 1107 3804; x_wconf 73' lang='lat' dir='ltr'><strong>Baua</strong></span> 
     </span>
     <span class='ocr_line' id='line_1_34' title="bbox 98 3840 1106 3915; baseline -0.003 -22"><span class='ocrx_word' id='word_1_329' title='bbox 98 3843 204 3914; x_wconf 87' lang='lat' dir='ltr'><strong>aditique</strong></span> <span class='ocrx_word' id='word_1_330' title='bbox 221 3843 280 3898; x_wconf 93' lang='lat' dir='ltr'><strong>libri</strong></span> <span class='ocrx_word' id='word_1_331' title='bbox 298 3853 403 3912; x_wconf 84' lang='lat' dir='ltr'><strong>excepto</strong></span> <span class='ocrx_word' id='word_1_332' title='bbox 416 3842 512 3910; x_wconf 78' lang='lat' dir='ltr'><strong>Baton,</strong></span> <span class='ocrx_word' id='word_1_333' title='bbox 530 3844 573 3897; x_wconf 90' lang='lat' dir='ltr'><strong>ubi</strong></span> <span class='ocrx_word' id='word_1_334' title='bbox 591 3845 685 3915; x_wconf 86' lang='lat' dir='ltr'><strong>legitur</strong></span> <span class='ocrx_word' id='word_1_335' title='bbox 702 3849 749 3901; x_wconf 84' lang='lat' dir='ltr'><strong>seat</strong></span> <span class='ocrx_word' id='word_1_336' title='bbox 768 3855 791 3898; x_wconf 87' lang='lat' dir='ltr'><strong>ct</strong></span> <span class='ocrx_word' id='word_1_337' title='bbox 809 3861 942 3910; x_wconf 83' lang='lat' dir='ltr'><strong>caronam,</strong></span> <span class='ocrx_word' id='word_1_338' title='bbox 963 3850 989 3892; x_wconf 89' lang='lat' dir='ltr'><strong>ut</strong></span> <span class='ocrx_word' id='word_1_339' title='bbox 1007 3841 1032 3891; x_wconf 94' lang='lat' dir='ltr'><strong>in</strong></span> <span class='ocrx_word' id='word_1_340' title='bbox 1048 3840 1106 3892; x_wconf 92' lang='lat' dir='ltr'><strong>cod.</strong></span> 
     </span>
     <span class='ocr_line' id='line_1_35' title="bbox 97 3926 1105 4002; baseline 0.003 -22"><span class='ocrx_word' id='word_1_341' title='bbox 97 3926 140 3982; x_wconf 88' lang='lat' dir='ltr'><strong>llc.</strong></span> <span class='ocrx_word' id='word_1_342' title='bbox 169 3931 224 3984; x_wconf 91' lang='lat' dir='ltr'><strong>ltid.</strong></span> <span class='ocrx_word' id='word_1_343' title='bbox 243 3930 437 3994; x_wconf 76' lang='lat' dir='ltr'><strong>itamsboru,</strong></span> <span class='ocrx_word' id='word_1_344' title='bbox 449 3931 556 3986; x_wconf 75' lang='lat' dir='ltr'><strong>Graium.</strong></span> <span class='ocrx_word' id='word_1_345' title='bbox 568 3932 622 3986; x_wconf 85' lang='lat' dir='ltr'><strong>bat.</strong></span> <span class='ocrx_word' id='word_1_346' title='bbox 635 3933 705 3988; x_wconf 83' lang='lat' dir='ltr'><strong>Tana.</strong></span> <span class='ocrx_word' id='word_1_347' title='bbox 717 3934 749 3988; x_wconf 91' lang='lat' dir='ltr'><strong>ll.</strong></span> <span class='ocrx_word' id='word_1_348' title='bbox 768 3937 793 4002; x_wconf 68' lang='grc' dir='ltr'><strong>ς.</strong></span> <span class='ocrx_word' id='word_1_349' title='bbox 808 3933 865 3985; x_wconf 83' lang='grc'><strong>190.</strong></span> <span class='ocrx_word' id='word_1_350' title='bbox 884 3930 914 3986; x_wconf 90' lang='grc' dir='ltr'><strong>Β.</strong></span> <span class='ocrx_word' id='word_1_351' title='bbox 928 3931 952 3983; x_wconf 82' lang='grc'><strong>2.</strong></span> <span class='ocrx_word' id='word_1_352' title='bbox 967 3947 988 3982; x_wconf 92' lang='lat' dir='ltr'><strong>c.</strong></span> <span class='ocrx_word' id='word_1_353' title='bbox 1007 3947 1032 3998; x_wconf 90' lang='lat' dir='ltr'><strong>p.</strong></span> <span class='ocrx_word' id='word_1_354' title='bbox 1046 3927 1105 3983; x_wconf 81' lang='grc'><strong>833.</strong></span> 
     </span>
    </p>
   </div>
   <div class='ocr_carea' id='block_1_6' title="bbox 0 0 1442 4806">
    <p class='ocr_par' dir='ltr' id='par_1_8' title="bbox 0 0 1442 4806">
     <span class='ocr_line' id='line_1_36' title="bbox 0 0 1442 4806; baseline 0 0"><span class='ocrx_word' id='word_1_355' title='bbox 0 0 1442 4806; x_wconf 95' lang='lat' dir='ltr'><strong> </strong></span> 
     </span>
    </p>
   </div>
  </div>
 </body>
</html>
