2894 4804
808 464 872 530 148

330 630 475 688 narbam.
530 621 567 688 Et
601 621 691 686 audet
722 613 919 706 quisquami)
954 627 1069 686 mutare
1104 629 1134 685 et
1167 627 1341 685 convertere

331 734 411 816 quod
435 732 510 796 deus
533 733 628 798 fecit?
672 733 776 799 Manus
791 731 819 814 ⁴)
842 734 900 799 deo
924 734 1056 802 inferunt
1078 735 1198 818 quando
1220 736 1249 799 id
1268 734 1342 818 quod

329 849 380 912 iile
403 847 541 912 formavit
562 847 731 911 reformare
754 855 785 912 et
813 849 1027 933 transfigurare
1058 850 1258 931 contendunt,
1288 867 1343 912 ne-

330 963 460 1026 scientes
483 964 552 1044 quia
574 980 650 1044 opus
677 963 725 1026 dei
756 969 802 1026 est
829 981 919 1027 omne
950 962 1030 1045 quod
1061 965 1210 1044 nascitur,
1241 963 1345 1027 diaboii

304 1077 539 1160 equodcumque
568 1083 717 1141 mutatur.=
764 1076 796 1144 Si
826 1078 893 1160 quis
924 1077 1068 1161 pingendi
1099 1077 1209 1142 artifex
1238 1077 1345 1142 vuiturn

331 1191 455 1255 alicuius
478 1198 508 1254 et
529 1194 662 1274 speciem
684 1198 713 1255 et
726 1189 754 1270 5)
777 1195 915 1275 corporis
933 1193 1101 1275 qualitatem
1117 1194 1234 1257 aemulo
1250 1191 1346 1255 colore

330 1307 482 1389 signasset
503 1312 533 1369 et
554 1307 671 1389 signato
696 1307 765 1382 iam,
778 1315 1046 1389 consummatoque
1069 1308 1230 1372 simulacro
1249 1322 1346 1370 manus

331 1422 405 1486 alius
428 1421 575 1504 adferret,
606 1421 829 1503 inanimata,
862 1424 919 1487 iam
941 1425 1019 1504 pinta
1042 1423 1128 1504 quasi
1150 1421 1276 1506 peritior
1297 1437 1347 1482 re-

333 1535 485 1618 formaret,
507 1536 609 1621 gravis
631 1536 741 1618 prioris
764 1536 884 1600 artificis
907 1537 1013 1600 iniuria
1037 1541 1066 1598 et
1087 1537 1164 1600 iusta
1184 1533 1347 1616 indignatio

295 1650 494 1722 invideretur.
551 1649 596 1712 Tu
626 1656 657 1712 tc
672 1644 700 1727 6)
730 1649 883 1713 existimas
912 1650 1023 1732 inpune
1053 1650 1180 1713 laturam
1209 1657 1268 1713 tam
1303 1647 1348 1710 in-

334 1765 448 1848 probae
468 1764 640 1829 temeritatis
663 1762 824 1847 audaciam,
849 1765 897 1828 dei
919 1765 1040 1830 artificis
1063 1764 1234 1830 offensam?
1276 1763 1314 1827 Ut
1325 1757 1348 1839 ⁷)

307 2143 312 2150 ,
408 2079 438 2151 3)
466 2061 605 2152 qaisquam
624 2083 714 2152 (qnam
739 2081 771 2134 ab
795 2080 829 2132 al.
854 2097 888 2132 m.
913 2095 990 2148 supra
1013 2079 1086 2148 add.)
1108 2077 1149 2131 W.
1204 2079 1235 2144 4)
1258 2081 1349 2133 Manae

337 2169 479 2237 (superscr.¹
496 2168 528 2220 ab
547 2186 570 2224 r.
583 2186 615 2223 ιιι.
628 2169 729 2238 mirano)
744 2167 792 2221 bia.
807 2166 880 2230 ,biox
898 2172 944 2223 iile
961 2171 990 2222 id
1007 2171 1076 2238 quad
1088 2167 1128 2219 W.
1140 2165 1181 2219 bia
1203 2175 1229 2218 et
1242 2165 1271 2232 B,
1294 2165 1352 2220 tttat
1430 2223 1431 2236 ἵ

337 2260 406 2327 quad
433 2259 478 2310 itte
504 2256 563 2310 edd.
591 2256 758 2309 bianutianarn
788 2256 978 2309 antecedentes.
1028 2253 1093 2306 'ium
1121 2265 1145 2308 et
1170 2259 1291 2324 formare
1315 2249 1352 2303 Fr·

337 2341 418 2395 Enim.
438 2343 460 2395 1.
497 2341 579 2396 Paulo
598 2353 657 2414 post
674 2348 743 2416 quod
759 2363 826 2416 opas
845 2349 888 2400 dei
904 2356 946 2400 eat
957 2344 998 2396 bib
1018 2352 1044 2396 et
1055 2345 1153 2398 diaboli
1170 2346 1240 2411 quod
1257 2344 1353 2396 additur

340 2430 420 2498 dican.
463 2431 492 2497 5)
516 2441 541 2486 et
565 2448 616 2486 om.
633 2433 681 2485 bic.
700 2434 731 2485 Α.
773 2431 840 2485 Dein
858 2437 1057 2504 qualitatemque
1076 2430 1163 2482 scribit
1181 2429 1229 2482 bie.
1265 2428 1352 2479 Vitiare

340 2521 522 2588 niqaificaaaet
539 2528 564 2573 at
581 2523 729 2589 niqaiqioato
753 2517 812 2571 edd.
832 2518 877 2573 st’.
897 2519 987 2571 Venet.
1009 2518 1034 2571 2.
1052 2517 1159 2583 Remo,
1183 2519 1352 2588 aiqaidoaaaat
1430 2505 1431 2520 ¹

341 2613 365 2659 et
389 2609 549 2676 significatio
568 2605 660 2659 Venet.
680 2607 704 2661 1.
726 2614 752 2659 et
776 2608 856 2660 Kana.
902 2606 961 2659 biox
987 2615 1190 2676 consumptoque
1216 2606 1352 2659 simulam
1430 2631 1431 2642 .

341 2692 384 2744 Fr.
403 2691 484 2744 me.
506 2693 545 2759 1.‚
570 2697 717 2748 simulacro
741 2693 805 2762 (noa
829 2695 1006 2759 amatoriae)
1031 2693 1092 2744 item
1111 2691 1151 2744 W.
1171 2686 1307 2743 biabcdcb
1331 2693 1353 2736 ιι
1430 2761 1431 2770 ¹

342 2779 480 2834 adducta
500 2780 631 2834 c.Remb.
651 2779 928 2835 (transeuntium.
948 2779 1037 2832 Goidh.
1075 2779 1138 2831 Turn
1161 2782 1237 2834 aliae
1260 2791 1307 2828 om.
1324 2772 1352 2837 Α,
1430 2791 1431 2832 t

342 2870 369 2920 in
393 2868 433 2920 bic
458 2884 534 2939 supra
560 2885 583 2922 v.
604 2872 678 2924 aliae
704 2886 728 2922 a.
746 2887 767 2922 r.
786 2886 820 2923 sn.
838 2871 958 2937 scriptum
982 2867 1076 2936 iegitur
1100 2869 1228 2920 alicuius.
1275 2862 1353 2916 Statim

343 2961 458 3027 adferret
473 2957 516 3010 W.
536 2956 610 3009 blabd
635 2966 661 3009 et
686 2957 728 3011 Fr.
746 2957 827 3010 Emrn.
848 2959 871 3013 1.
892 2974 913 3010 c.
934 2957 975 3008 ed.
993 2955 1108 3020 blaseii,
1133 2956 1241 3024 offerret
1258 2950 1286 3004 B.
1303 2947 1353 3002 bicd
1430 2991 1431 3024 ἰ

342 3053 369 3096 ιι
393 3045 451 3096 edd.
476 3053 538 3097 vett.
563 3043 653 3097 Remb.
672 3045 769 3098 Erasm.
789 3044 862 3098 Grau.
882 3043 991 3110 Manat,
1017 3047 1128 3115 inferret
1152 3041 1193 3108 Α,
1218 3043 1279 3094 item
1302 3035 1352 3090 edd.
1430 3059 1431 3126 q

342 3131 464 3185 Devenit.
483 3130 578 3185 Pamei.
590 3131 647 3201 Rig.
662 3132 708 3186 Ox.
722 3133 806 3196 Baius.
824 3131 913 3185 Goidb.
932 3133 1110 3184 consentiente
1129 3129 1154 3184 S.
1172 3127 1352 3199 Augustino
1430 3137 1431 3190 t

263 3281 266 3287 .
343 3220 375 3272 de
401 3221 482 3272 doctr.
507 3219 598 3274 Christ.
617 3220 658 3273 lv.
677 3223 718 3275 21.
744 3221 770 3274 Τ.
789 3220 831 3273 ΙΙΙ.
852 3220 878 3273 Ρ.
897 3220 916 3273 Ι.
935 3238 960 3288 p.
980 3219 1022 3272 85.
1040 3218 1070 3270 E.
1115 3216 1189 3282 Quod
1214 3217 1291 3286 vulgo
1314 3229 1352 3266 sc-

342 3309 427 3377 quitur
450 3317 480 3362 att
503 3310 577 3360 omisi
601 3310 783 3377 praeeuntibus
807 3309 880 3362 libris
897 3308 937 3362 W.
957 3307 1039 3358 Mbcd.
1058 3305 1087 3361 B.
1104 3304 1208 3375 Fragm.
1232 3303 1311 3356 Emm.
1332 3297 1352 3349 i·

343 3393 468 3464 editisque
498 3395 561 3450 ante‘
584 3397 698 3462 Erasm.;
729 3408 753 3452 et
782 3414 827 3466 pro
854 3407 884 3453 at
913 3396 1000 3450 scribit
1028 3395 1075 3446 bia.
1121 3395 1192 3448 Prius
1216 3398 1271 3450 iam
1298 3405 1352 3443 era·

342 3501 396 3538 suna
421 3485 447 3535 in
465 3482 501 3551 B,
520 3469 627 3556 ‘iamque
652 3487 730 3540 habet
750 3488 791 3539 ed.
810 3485 930 3541 Daventr.
968 3484 1046 3536 Voce.
1065 3488 1119 3538 iam
1135 3488 1208 3554 pieta
1226 3481 1259 3534 ai.
1277 3496 1308 3532 ra.
1330 3477 1353 3527 in

343 3637 492 3696 Waddidit.
528 3644 557 3709 6)
574 3647 641 3698 dicte
653 3644 693 3697 W.
705 3644 773 3698 biab.
787 3643 815 3697 B.
846 3644 908 3697 Tum
926 3593 1066 3728 existimgs
1084 3643 1126 3695 Fr.
1143 3642 1225 3696 Enrnr.
1245 3640 1267 3694 i.
1302 3635 1352 3689 iios
1430 3697 1431 3718 Χ

350 3734 519 3787 2=audaniam

377 3804 508 3855 (iudicium
525 3800 557 3855 Α.
602 3801 631 3871 7)
657 3805 688 3857 tic
710 3805 780 3858 enim
804 3803 975 3873 Angustia.
994 3803 1011 3857 i.
1031 3819 1052 3857 c.
1073 3809 1099 3855 et
1118 3801 1153 3854 ita
1171 3799 1267 3852 Erasm.
1286 3793 1351 3846 Grau.

342 3885 439 3940 Marcii.
451 3886 519 3939 Pam.
533 3886 590 3957 aig.
605 3885 651 3941 Ox.
663 3886 750 3941 baina.
765 3888 854 3942 Goidb.
885 3888 937 3943 Sed
956 3893 1025 3944 naim
1043 3905 1092 3940 om.
1107 3886 1150 3939 Fr.
1163 3884 1244 3938 Emm}
1258 3883 1280 3935 1.
1294 3879 1350 3931 ttbc.

341 3974 366 4026 Α
383 3977 445 4026 item
463 3975 504 4029 ed.
518 3975 612 4030 Manui.
648 3979 679 4032 tit
697 3981 725 4033 ai
743 3977 864 4030 exhibent
875 3977 917 4031 W.
930 3977 978 4032 bia.
990 3975 1021 4046 B,
1039 3987 1064 4032 et
1081 3979 1109 4032 ai
1120 3973 1160 4028 bic
1178 3981 1205 4027 et
1223 3972 1279 4024 edd.
1297 3971 1351 4022 vett

341 4061 370 4116 in
387 4079 459 4134 seqq.
478 4081 544 4136 qaae
561 4073 625 4122 ιιιιιι
643 4067 685 4124 dei
702 4065 819 4123 scribitur
840 4067 867 4120 in
885 4066 915 4121 Α.
