2874 4806
522 425 527 442 ’
606 415 668 482 103

573 656 701 726 xxm.
736 639 739 645 '

215 799 353 882 Denique
376 805 485 882 quenlc
506 799 528 878 ¹)
552 808 582 863 el
604 801 664 864 lide
687 802 802 894 maiore
824 808 854 864 et
882 803 989 867 limore
1021 806 1146 869 meliore

125 920 193 978 sunt
217 915 277 996 qui,
301 915 435 994 quamvis
458 915 540 978 nullo
564 915 701 978 secribcii
725 922 775 979 eut
797 917 887 979 libelli
912 917 1043 982 facinore
1068 937 1145 984 cen-

124 1029 227 1109 slricli,
252 1027 390 1108 quoniam
413 1034 511 1091 temen
535 1028 572 1091 de
595 1029 654 1092 hcc
668 1030 718 1093 vel
735 1031 952 1114 cogitaverunt,
976 1033 1034 1096 hoc
1049 1034 1145 1115 ipsum

124 1141 201 1223 apud
233 1141 406 1205 sacerdotes
438 1141 487 1206 dei
520 1142 658 1206 dolenler
690 1151 720 1207 el
753 1144 925 1226 simpliciter
960 1145 1146 1227 conlilenles,

101 1255 365 1338 sexcmologesim
389 1257 590 1320 conscientias
614 1255 741 1336 iaciunt,
766 1259 853 1320 enimi
877 1259 922 1321 sui
945 1259 1063 1340 pondus
1087 1279 1146 1322 cx-

124 1377 257 1454 ponunt,
288 1371 447 1436 selnlnrem
477 1372 623 1437 medelam
653 1373 754 1456 parvis
784 1373 855 1436 licet
878 1379 907 1436 et
930 1373 1052 1435 modicis
1075 1373 1146 1436 vul-

124 1485 249 1551 neribus
271 1485 449 1567 exquirunl,
479 1486 610 1548 scienles
641 1485 782 1568 scriplum
812 1501 880 1546 esse
897 1481 942 1562 9);
971 1483 1146 1548 Derzenen

125 1598 309 1664 deridetur?
357 1597 496 1662 Derideri
527 1605 557 1662 el
587 1598 795 1662 circumveniri
825 1597 900 1661 deus
936 1616 996 1662 non
1035 1604 1145 1680 polest,
1208 1627 1236 1658 ι.

125 1733 181 1778 nec
203 1714 311 1780 eslulie
333 1711 429 1796 eliqua
454 1712 575 1776 lellenle
598 1711 707 1776 deludi.
752 1711 820 1776 Plus
843 1713 931 1775 immo
963 1709 1105 1793 delinquit
1118 1709 1146 1793 ³³)

91 1841 114 1886 rc
127 1831 176 1913 qui
206 1827 373 1893 secundum
404 1826 554 1891 bominem
586 1825 674 1890 deum
697 1827 833 1910 cogilens
857 1825 987 1890 evadere
1010 1844 1044 1888 se
1067 1844 1145 1908 pce·

127 1962 195 2008 nem
217 1942 349 2007 criminis
372 1941 474 2022 credit,
500 1943 526 2005 si
549 1960 611 2007 non
632 1941 728 2024 pelam
752 1943 863 2006 crimen
887 1942 1011 2005 admisit.
1030 1979 1036 1992 ·
1056 1941 1145 2005 Chri-

128 2061 189 2122 slus
219 2057 252 2120 in
284 2056 452 2138 praeceptis
483 2054 546 2118 suis
581 2053 651 2118 dieb
665 2049 708 2131 ⁴):
771 2049 832 2130 Oui
867 2055 1018 2134 confusus
1034 2051 1061 2133 ⁵)
1099 2073 1146 2118 me

126 2217 336 2230 m

194 2307 283 2366 xxm.
312 2308 341 2378 1)
367 2311 469 2379 quande
493 2307 547 2360 Vel.
573 2321 669 2359 omnes.
713 2303 816 2358 Deinde
841 2308 941 2359 meiere
965 2335 996 2346 -
1022 2307 1144 2360 meliores

127 2403 173 2458 lle.
191 2400 257 2455 Bab.
276 2399 299 2452 Δ
319 2407 345 2452 et
368 2397 497 2450 sexdecim
516 2393 618 2460 Belum,
641 2398 757 2448 maiores
781 2397 889 2447 meliore
911 2401 1030 2462 quntiuor
1048 2395 1146 2462 Belum,

127 2497 227 2546 meiere
246 2522 277 2534 -
296 2489 404 2542 meliore
423 2484 462 2537 W.
483 2483 523 2536 bld
544 2491 569 2536 el
594 2500 626 2534 ex
649 2497 713 2534 corr.
733 2481 780 2534 blc.
816 2479 949 2533 Accedunt
974 2481 1063 2534 decem
1089 2481 1146 2534 libri

127 2577 212 2632 Belus.
233 2585 258 2630 el
283 2591 328 2628 rex
350 2573 441 2645 Angl„
468 2575 529 2625 item
556 2571 613 2624 edd.
633 2579 694 2624 vell.
714 2557 834 2638 (excepte
854 2568 987 2634 Devenlr.)
1008 2586 1029 2620 c.
1051 2568 1145 2621 Manui.

128 2675 203 2738 etque
222 2664 330 2730 blorell.‚
348 2667 463 2717 maiores
483 2691 514 2700 -
532 2664 657 2715 meliores
675 2657 731 2724 bib,
754 2673 862 2727 quocum
881 2657 976 2709 iaciunt
994 2657 1147 2724 exemplaria

126 2753 249 2808 Devenit.
269 2751 344 2808 (ἔην.
361 2748 455 2803 Pemel.
474 2749 532 2818 mg.
552 2746 631 2801 Onon.
650 2744 738 2799 Belu'z.
757 2746 847 2799 Goldlr.
883 2743 920 2798 lte
944 2762 981 2815 pr.
1001 2747 1076 2797 eliam
1099 2744 1146 2798 lllc.

129 2880 185 2934 blcx
202 2857 349 2951 quomens
368 2873 429 2941 (eir)
446 2869 493 2925 Bb.
529 2869 595 2923 Dein
614 2871 760 2936 sacrificiis
778 2897 811 2907 -
829 2870 928 2922 libellis
946 2867 995 2920 blb.
1026 2864 1054 2919 ln
1074 2883 1145 2936 seqq.

127 2971 206 3038 ipsud
227 2962 274 3017 Be.
315 2960 395 3016 Paulo
418 2968 477 3030 peel
502 2965 656 3031 ccirfilcnlnr
679 2957 758 3024 Ncep.
784 2955 809 3008 4.
854 2955 916 3007 'lum
941 2957 1147 3024 exemcleqecim

126 3071 171 3124 pre
196 3053 395 3121 eccemcleyeee'n
419 3047 457 3115 Α,
482 3049 663 3117 exemelcqeei
689 3045 751 3113 (sic)
772 3042 822 3108 Be,
847 3045 1070 3112 embcmcloyeeim
1094 3040 1145 3106 bld,

127 3143 334 3211 eccemclceyeim
353 3135 404 3204 Μὴ,
425 3137 641 3205 exbcmcleyesin
659 3133 690 3185 W
709 3148 731 3185 c.
750 3131 800 3197 lle,
819 3141 845 3183 ul
863 3129 921 3183 edd.
940 3136 1001 3180 rell.
1013 3134 1048 3208 et
1066 3125 1145 3179 liem-

127 3227 185 3285 bole
221 3229 289 3284 lnlre
314 3228 450 3282 medellam
467 3222 500 3273 W
519 3230 544 3274 et
562 3220 618 3273 lleb
644 3236 666 3271 c.
686 3220 727 3271 ed.
747 3219 840 3270 lienus.
885 3216 924 3268 Dc
949 3231 997 3284 que
1023 3215 1146 3282 scriptura

129 3321 178 3374 rid.
195 3314 334 3373 Freund.
354 3313 385 3366 ed
405 3309 488 3364 Cicer.
507 3308 576 3362 Oret.
595 3323 642 3376 pro
662 3305 746 3360 llilen.
764 3323 789 3374 p.
808 3305 849 3357 36.
880 3301 1029 3372 Wagner.
1049 3299 1145 3353 Orlhc·

129 3407 213 3479 grcph.
230 3402 325 3472 Vergil.
344 3418 368 3472 p.
387 3399 438 3452 467
457 3415 481 3452 v.
500 3401 622 3469 querella.
659 3395 720 3446 'lum
738 3397 834 3465 perede
856 3399 957 3444 enatum
976 3399 1016 3442 eet
1034 3405 1048 3442 e
1065 3393 1145 3460 princ

129 3498 152 3550 in
170 3497 217 3550 llc.
249 3491 340 3546 Persic.
359 3498 383 3544 el
401 3496 459 3557 peel
477 3490 536 3542 licei
554 3501 603 3538 om.
618 3483 650 3536 W
664 3492 690 3535 et
708 3481 755 3534 lle.
790 3479 858 3532 Dein
876 3481 1041 3548 medicisque
1059 3475 1146 3528 scribit

130 3583 174 3637 blc.
216 3581 246 3649 2)
266 3578 321 3633 Gel.
340 3577 366 3644 6,
385 3577 410 3629 7.
455 3573 483 3640 3)
503 3578 556 3628 ime
581 3575 688 3642 deliquii
704 3571 751 3624 lllc.
787 3549 845 3640 Prffi
860 3571 978 3638 ccyilcne
996 3565 1036 3616 W.
1053 3563 1094 3616 llle
1118 3569 1145 3615 ei

84 3671 86 3680 '
130 3670 165 3724 ea
190 3669 311 3724 exhibent
336 3668 438 3736 ccyilal.
475 3663 564 3714 stetim
588 3679 619 3716 ee
640 3663 750 3715 evadere
768 3656 842 3709 cllerl
861 3654 911 3718 bid,
930 3671 960 3707 ee
978 3651 1009 3704 ab
1028 3666 1048 3702 r.
1068 3666 1100 3702 m.
1118 3650 1145 3701 in

131 3774 178 3812 ms.
196 3757 306 3828 positum
325 3756 351 3807 in
368 3751 409 3804 W.
445 3749 562 3803 Proxime
580 3753 639 3804 eice
657 3764 702 3816 pro
722 3750 749 3802 ei
765 3762 818 3799 nen
841 3741 883 3794 det
901 3739 957 3804 llld;
982 3739 1144 3808 negationem

132 3862 178 3899 cm.
196 3847 227 3901 Δ.
269 3845 298 3914 4]
322 3842 400 3895 blare.
423 3837 455 3905 8,
481 3838 523 3891 38.
565 3839 594 3903 5)
621 3837 673 3904 „lta
697 3845 799 3889 veteres
824 3831 948 3884 edilioncs
974 3835 1000 3878 et
1023 3824 1143 3876 tredecim

131 3932 185 3986 libri
201 3943 312 3988 veteres.
349 3929 410 3982 Tres
428 3930 472 3981 elii
490 3927 598 3980 babenb:
624 3929 679 3996 Qui
697 3929 828 3993 ceriferae
845 3937 886 3973 me
908 3918 1005 3986 suerii,
1029 3917 1143 3982 ccnfmu-
1216 3915 1221 3926 ‘

133 4023 190 4077 dcere
207 4032 231 4081 el
248 4039 295 4094 ece
314 4035 405 4076 cerem
422 4025 498 4088 pairs
514 4017 587 4081 nce'c,
614 4017 660 4084 qui
682 4017 711 4068 in
731 4014 813 4066 caelis
831 4018 880 4063 cet.
916 4001 1066 4056 beccensis:
1091 4001 1144 4066 Qui
