2894 4804
776 467 841 537 tta

301 623 450 690 discedit?
494 625 630 709 Corpore
651 627 722 692 licet
743 630 832 714 virgo
854 645 890 692 ac
912 638 1013 695 mente
1033 637 1214 716 permaneat,
1237 651 1313 697 ocu-

299 735 353 814 lis,
386 737 524 818 auribus,
558 739 660 822 lingua
692 741 796 804 minuit
811 738 838 818 ὅ)
868 743 916 804 illa
946 760 1024 824 quae
1053 745 1186 810 babebat
1238 745 1313 820 Quid

205 897 209 902 ,
299 867 374 912 vero
390 845 418 925 ⁶)
440 867 518 930 quae
540 853 725 932 promiscuas
747 855 872 917 balneas
895 854 1022 937 adeunt,
1054 877 1132 940 quae
1160 861 1254 923 oculis
1275 858 1313 920 ad

298 962 448 1026 libidinem
483 965 610 1030 curiosis
642 966 750 1047 pudori
788 985 823 1029 ac
860 968 1019 1049 pudicitiae
1056 990 1184 1055 corpora
1222 972 1314 1034 dicata

274 1077 479 1158 sprostituunt
509 1097 587 1158 quae
615 1098 682 1142 cum
711 1081 795 1144 viros
825 1089 915 1162 atque
945 1100 962 1145 a
994 1085 1067 1147 viris
1095 1084 1193 1148 nudae
1215 1082 1316 1159 vident

299 1193 424 1274 turpiter
446 1209 482 1255 ac
503 1193 660 1273 videntur,
691 1212 792 1258 nonne
815 1196 898 1277 ipsae
920 1197 1101 1262 inlecebram
1124 1200 1202 1262 vitiis
1221 1217 1315 1280 prae-

299 1312 394 1385 stant,
429 1325 490 1370 non
524 1307 562 1370 ad
593 1309 792 1390 corruptelam
823 1317 854 1372 et
888 1312 1024 1374 iniuriam
1054 1331 1138 1376 suain
1169 1312 1315 1377 desideria

298 1423 499 1504 praesentium
521 1422 679 1486 sollicitant
703 1430 733 1486 et
750 1425 899 1488 invitant?

760 1619 837 1686 XV.

386 1763 520 1828 Viderint
533 1763 569 1844 ¹),
591 1765 699 1848 inquis,
722 1785 782 1848 qua
802 1766 872 1830 illuc
895 1774 996 1832 mente
1018 1768 1085 1849 quis
1107 1767 1222 1844 veniat,
1245 1765 1316 1828 mibi

260 1892 287 1936 ao
300 1883 410 1942 tanturn
440 1878 593 1942 reficiendi
615 1855 786 1962 corpusculi
809 1899 881 1943 cura
904 1887 951 1944 est
973 1887 1003 1943 et
1025 1880 1150 1943 lavandi.
1194 1879 1263 1942 Non
1285 1884 1315 1941 te

298 1998 406 2074 purgat
420 1993 475 2055 ista
492 1993 638 2074 defensio,
661 2013 718 2058 nec
741 1995 881 2058 lasciviae
904 1991 973 2074 eti)
996 1996 1173 2078 petulantiae
1203 1994 1316 2057 crimen

300 2112 432 2170 excusat.
472 2104 649 2186 Sordidut³)
672 2110 781 2172 lavatio
804 2109 870 2188 ista,
895 2127 955 2172 non
978 2110 1077 2189 abluit,
1101 2127 1156 2172 nco
1178 2107 1317 2172 emundat

370 2323 398 2388 5)
410 2326 505 2391 coalia,
516 2327 617 2395 linqua,
629 2328 751 2380 manibus
760 2328 857 2379 minuit
866 2325 896 2376 Α.
923 2323 972 2377 Pro
981 2327 1073 2396 linqua
1082 2325 1119 2376 lla
1129 2327 1232 2395 iolipua
1242 2323 1313 2393 (sic).

300 2412 361 2464 'lum
374 2415 441 2482 quod
452 2415 557 2466 babebat
570 2411 610 2465 W.
625 2413 688 2464 blab.
701 2413 729 2464 tt.
741 2412 782 2465 Fr.
795 2411 876 2464 Emm.
892 2412 915 2464 1.
924 2421 1081 2482 veteresque
1100 2413 1157 2466 odd.
1196 2413 1225 2480 6)
1245 2417 1316 2480 Quid

208 2552 211 2560 ,
300 2503 370 2554 enim
382 2499 430 2551 lla.
466 2498 531 2550 Dein
549 2502 710 2568 prominenti
728 2498 791 2567 (sic)
803 2497 845 2550 Fr.
856 2497 936 2550 Erum.
952 2498 974 2551 1.
1006 2499 1062 2550 blox
1082 2502 1184 2553 cariosi
1200 2502 1317 2569 pudoris

301 2605 332 2640 aa
343 2589 477 2656 pudicicia
490 2585 520 2636 Α.
547 2585 627 2636 Abest
640 2589 726 2639 dicata
740 2601 753 2635 a
768 2585 815 2636 lla.
843 2582 904 2635 Tunr
917 2589 1040 2653 quoniam
1053 2601 1098 2653 pro
1112 2604 1180 2650 cum,
1199 2594 1227 2636 ut
1241 2586 1316 2650 solet,

298 2674 387 2725 scribit
403 2672 433 2724 Α.
476 2673 563 2724 Statim
589 2677 661 2727 cirin
685 2683 761 2742 cipue
785 2693 801 2726 a
823 2676 894 2726 viria
918 2672 968 2739 (pr.
988 2678 1022 2727 ad
1045 2674 1134 2743 circa)
1153 2673 1212 2738 blb;
1241 2684 1317 2743 atque

299 2762 331 2814 ab
350 2761 382 2812 al.
398 2778 431 2812 nr.
450 2763 517 2812 inter
533 2777 600 2813 vers.
620 2761 696 2812 babet
708 2761 747 2812 W.
783 2760 912 2825 Deinceps
931 2763 999 2813 unde
1017 2775 1065 2827 pro
1082 2765 1168 2816 nudae
1180 2761 1220 2827 A,·
1231 2764 1318 2814 aradae

299 2923 389 2973 sideni
412 2921 437 2970 in
462 2926 597 2982 contextu,
622 2921 646 2971 in
672 2913 722 2988 mg'.
743 2919 775 2970 ab
798 2936 817 2971 ι.
837 2935 871 2970 ιιι.
889 2851 990 2971 1111111
1011 2917 1065 2983 lte,
1090 2922 1214 2973 nodutim
1230 2921 1319 2970 viderat

302 3008 360 3060 edd.
378 3015 438 3060 vett.
458 3010 577 3076 (excepta
590 3007 726 3075 Daventn)
746 3016 772 3058 et
783 3005 882 3071 Remb.‚
905 3009 991 3059 nudae
1007 3010 1130 3059 videntur
1148 3004 1319 3070 (intermediis

301 3095 366 3162 om.)
384 3095 433 3160 lla,
451 3098 570 3149 eiderrtca
588 3100 702 3166 turpiter
721 3093 770 3145 tlt.
807 3093 865 3144 blon
883 3098 959 3162 ipsae
979 3108 1027 3145 om.
1048 3093 1085 3159 Α,
1103 3097 1189 3162 ipsam
1208 3091 1269 3142 dant
1287 3091 1319 3140 W

301 3191 328 3234 et
345 3182 392 3235 lta.
429 3182 490 3234 'lunt
507 3193 637 3252 praeeunt
654 3183 748 3250 legitur
766 3183 790 3232 in
810 3181 852 3232 Fr.
872 3181 953 3232 Enim.
975 3181 998 3231 1.
1043 3179 1136 3246 Scripsi
1155 3177 1249 3228 deinde
1266 3195 1320 3231 nott

300 3285 348 3338 pro
372 3287 458 3323 nonrre
481 3287 502 3321 c.
521 3269 560 3322 W.
580 3271 622 3323 Fr.
639 3270 720 3322 Emm.
740 3280 766 3322 et
790 3269 848 3320 edd.
868 3267 912 3320 SP.
932 3268 1023 3320 Venct.
1045 3267 1066 3318 1.
1087 3268 1110 3318 2.
1130 3275 1205 3334 atquc
1228 3264 1319 3329 llunn.‚

302 3373 350 3409 nec
369 3356 442 3408 aliter
459 3373 497 3425 pr.
518 3357 654 3408 exhibebat
669 3358 717 3408 lla.
749 3356 805 3408 Vid.
826 3357 858 3408 ad
875 3356 966 3407 librum
985 3355 1016 3405 de
1035 3355 1099 3421 laps.
1119 3352 1180 3420 Cap.
1193 3351 1223 3404 V.
1236 3367 1262 3403 n.
1278 3351 1318 3402 it.

300 3442 517 3511 Praepositionenn
543 3453 601 3496 anta
626 3443 795 3512 corruptelam
819 3446 845 3495 in
869 3443 909 3495 lib
934 3459 954 3494 r.
974 3457 1006 3493 m.
1026 3457 1101 3509 supra
1126 3439 1226 3491 adiecit.
1263 3439 1319 3490 lion

301 3530 378 3581 multo
398 3538 456 3598 post
473 3529 496 3581 Α
513 3530 580 3582 male
598 3531 687 3582 scribit
704 3535 872 3599 praesencia.

371 3615 422 3668 XV.
450 3617 477 3681 1)
496 3617 532 3669 lta
550 3617 590 3670 W.
609 3616 658 3669 lla.
677 3617 736 3670 Ver.
759 3618 799 3683 1.,
817 3621 932 3703 videript
956 3615 1017 3683 (sic)
1042 3615 1097 3680 blo,
1121 3618 1219 3670 viderit
1240 3614 1342 3682 vulg.‚'

302 3724 389 3776 vidant
406 3724 499 3791 inpuid
517 3721 546 3773 Α.
584 3721 645 3772 'lum
663 3725 745 3776 miclri
765 3721 785 3772 B
805 3729 831 3774 et
858 3723 898 3774 ed.
917 3721 1055 3785 flavente,
1081 3729 1126 3774 aut
1150 3733 1196 3787 pro
1221 3730 1320 3774 tuntum

303 3878 457 3948 Bmoxque
481 3882 645 3948 corpuscula
667 3878 717 3932 bld.
766 3881 795 3946 2)
819 3897 851 3933 ac
871 3878 902 3931 Α.
947 3878 1014 3930 llain
1038 3826 1150 3933 1111111
1175 3877 1224 3945 (ax
1247 3891 1262 3928 a
1287 3893 1319 3928 ιιι.

302 3981 370 4019 saec.
396 3967 459 4019 Xlll.
486 3969 626 4037 superscr.)
651 3968 700 4020 lla.
747 3969 775 4034 3)
800 3968 831 4020 li.
852 3983 876 4021 ιι.
903 3983 951 4019 orn.
979 3964 1009 4020 B.
1051 3965 1112 4018 'lum
1137 3969 1192 4019 ista
1215 3967 1321 4019 lavaeia

302 4055 392 4106 scribit
409 4054 440 4107 A.
476 4052 525 4105 Pro
543 4071 596 4107 non
614 4057 698 4109 abiecit
713 4053 756 4106 bld
774 4073 829 4109 aaa
846 4063 969 4122 mouet,
990 4052 1050 4104 dein
1067 4055 1219 4106 immaculet
1235 4049 1285 4102 tto.
