<?xml version="1.0" encoding="UTF-8"?>
<!DOCTYPE html PUBLIC "-//W3C//DTD XHTML 1.0 Transitional//EN"
    "http://www.w3.org/TR/xhtml1/DTD/xhtml1-transitional.dtd">
<html xmlns="http://www.w3.org/1999/xhtml" xml:lang="en" lang="en">
 <head>
  <title>
</title>
<meta http-equiv="Content-Type" content="text/html;charset=utf-8" />
  <meta name='ocr-system' content='tesseract 3.04.00' />
  <meta name='ocr-capabilities' content='ocr_page ocr_carea ocr_par ocr_line ocrx_word'/>
</head>
<body>
  <div class='ocr_page' id='page_1' title='image "./scaecilicyprian00krabgoog_0070.png"; bbox 0 0 2872 4806; ppageno 0'>
   <div class='ocr_carea' id='block_1_1' title="bbox 550 401 624 470">
    <p class='ocr_par' dir='ltr' id='par_1_1' title="bbox 550 401 624 470">
     <span class='ocr_line' id='line_1_1' title="bbox 550 401 624 470; baseline -0.014 0"><span class='ocrx_word' id='word_1_1' title='bbox 550 401 624 470; x_wconf 37' lang='lat' dir='ltr'><strong>*tt</strong></span> 
     </span>
    </p>
   </div>
   <div class='ocr_carea' id='block_1_2' title="bbox 98 557 1214 647">
    <p class='ocr_par' dir='ltr' id='par_1_2' title="bbox 98 557 1214 647">
     <span class='ocr_line' id='line_1_2' title="bbox 98 557 1214 647; baseline -0.008 -15"><span class='ocrx_word' id='word_1_2' title='bbox 98 563 300 647; x_wconf 65' lang='lat' dir='ltr'><strong>maculaverit,</strong></span> <span class='ocrx_word' id='word_1_3' title='bbox 329 563 357 630; x_wconf 86' lang='lat' dir='ltr'><strong>ri</strong></span> <span class='ocrx_word' id='word_1_4' title='bbox 386 563 544 629; x_wconf 83' lang='lat' dir='ltr'><strong>ecclesiam</strong></span> <span class='ocrx_word' id='word_1_5' title='bbox 577 561 706 646; x_wconf 74' lang='lat' dir='ltr'><strong>denniqu‘c</strong></span> <span class='ocrx_word' id='word_1_6' title='bbox 737 563 847 646; x_wconf 82' lang='lat' dir='ltr'><strong>ipsam,</strong></span> <span class='ocrx_word' id='word_1_7' title='bbox 861 559 864 566; x_wconf 89' lang='lat'>&#39;</span> <span class='ocrx_word' id='word_1_8' title='bbox 877 557 928 627; x_wconf 81' lang='lat' dir='ltr'><strong>obi</strong></span> <span class='ocrx_word' id='word_1_9' title='bbox 950 559 1109 627; x_wconf 78' lang='lat' dir='ltr'><strong>conteram</strong></span> <span class='ocrx_word' id='word_1_10' title='bbox 1211 561 1214 582; x_wconf 87' lang='lat'>¹</span> 
     </span>
    </p>
   </div>
   <div class='ocr_carea' id='block_1_3' title="bbox 73 676 1111 1217">
    <p class='ocr_par' dir='ltr' id='par_1_3' title="bbox 73 676 1111 1217">
     <span class='ocr_line' id='line_1_3' title="bbox 99 676 1108 762; baseline -0.007 -16"><span class='ocrx_word' id='word_1_11' title='bbox 99 681 188 746; x_wconf 87' lang='lat' dir='ltr'><strong>iactos</strong></span> <span class='ocrx_word' id='word_1_12' title='bbox 219 687 282 760; x_wconf 78' lang='lat' dir='ltr'><strong>eat,</strong></span> <span class='ocrx_word' id='word_1_13' title='bbox 314 677 526 762; x_wconf 87' lang='lat' dir='ltr'><strong>derelinquens</strong></span> <span class='ocrx_word' id='word_1_14' title='bbox 550 686 581 742; x_wconf 87' lang='lat' dir='ltr'><strong>et</strong></span> <span class='ocrx_word' id='word_1_15' title='bbox 602 678 722 742; x_wconf 86' lang='lat' dir='ltr'><strong>unitatis</strong></span> <span class='ocrx_word' id='word_1_16' title='bbox 745 677 937 742; x_wconf 80' lang='lat' dir='ltr'><strong>concordiam</strong></span> <span class='ocrx_word' id='word_1_17' title='bbox 959 676 1108 756; x_wconf 81' lang='lat' dir='ltr'><strong>scindens,</strong></span> 
     </span>
     <span class='ocr_line' id='line_1_4' title="bbox 99 790 1110 877; baseline -0.006 -19"><span class='ocrx_word' id='word_1_18' title='bbox 99 795 181 858; x_wconf 90' lang='lat' dir='ltr'><strong>fidem</strong></span> <span class='ocrx_word' id='word_1_19' title='bbox 211 796 336 876; x_wconf 82' lang='lat' dir='ltr'><strong>primam</strong></span> <span class='ocrx_word' id='word_1_20' title='bbox 365 791 489 877; x_wconf 83' lang='lat' dir='ltr'><strong>perfidia</strong></span> <span class='ocrx_word' id='word_1_21' title='bbox 515 795 685 877; x_wconf 86' lang='lat' dir='ltr'><strong>posteriore</strong></span> <span class='ocrx_word' id='word_1_22' title='bbox 715 793 875 856; x_wconf 86' lang='lat' dir='ltr'><strong>mutaverit</strong></span> <span class='ocrx_word' id='word_1_23' title='bbox 891 790 950 870; x_wconf 82' lang='lat'><strong>¹⁵),</strong></span> <span class='ocrx_word' id='word_1_24' title='bbox 984 790 1110 853; x_wconf 86' lang='lat' dir='ltr'><strong>blandiri</strong></span> 
     </span>
     <span class='ocr_line' id='line_1_5' title="bbox 97 903 1111 989; baseline -0.005 -19"><span class='ocrx_word' id='word_1_25' title='bbox 97 908 149 970; x_wconf 83' lang='lat' dir='ltr'><strong>sibi</strong></span> <span class='ocrx_word' id='word_1_26' title='bbox 171 925 226 989; x_wconf 90' lang='lat' dir='ltr'><strong>per</strong></span> <span class='ocrx_word' id='word_1_27' title='bbox 248 906 472 970; x_wconf 86' lang='lat' dir='ltr'><strong>confessionem</strong></span> <span class='ocrx_word' id='word_1_28' title='bbox 491 924 551 970; x_wconf 88' lang='lat' dir='ltr'><strong>noo</strong></span> <span class='ocrx_word' id='word_1_29' title='bbox 567 913 678 989; x_wconf 87' lang='lat' dir='ltr'><strong>potest,</strong></span> <span class='ocrx_word' id='word_1_30' title='bbox 700 907 785 987; x_wconf 88' lang='lat' dir='ltr'><strong>quasi</strong></span> <span class='ocrx_word' id='word_1_31' title='bbox 808 905 923 970; x_wconf 85' lang='lat' dir='ltr'><strong>electus</strong></span> <span class='ocrx_word' id='word_1_32' title='bbox 941 903 978 967; x_wconf 88' lang='lat' dir='ltr'><strong>ad</strong></span> <span class='ocrx_word' id='word_1_33' title='bbox 994 903 1111 987; x_wconf 80' lang='lat' dir='ltr'><strong>gloriae</strong></span> 
     </span>
     <span class='ocr_line' id='line_1_6' title="bbox 73 1017 1111 1106; baseline -0.008 -20"><span class='ocrx_word' id='word_1_34' title='bbox 73 1023 274 1103; x_wconf 76' lang='lat' dir='ltr'><strong>sorrentum,</strong></span> <span class='ocrx_word' id='word_1_35' title='bbox 304 1020 424 1102; x_wconf 82' lang='lat' dir='ltr'><strong>quando</strong></span> <span class='ocrx_word' id='word_1_36' title='bbox 453 1038 493 1084; x_wconf 83' lang='lat' dir='ltr'><strong>ex</strong></span> <span class='ocrx_word' id='word_1_37' title='bbox 520 1020 579 1086; x_wconf 85' lang='lat' dir='ltr'><strong>hoc</strong></span> <span class='ocrx_word' id='word_1_38' title='bbox 609 1020 677 1104; x_wconf 85' lang='lat' dir='ltr'><strong>ipso</strong></span> <span class='ocrx_word' id='word_1_39' title='bbox 706 1022 802 1106; x_wconf 80' lang='lat' dir='ltr'><strong>magis</strong></span> <span class='ocrx_word' id='word_1_40' title='bbox 833 1020 985 1084; x_wconf 76' lang='lat' dir='ltr'><strong>creverint</strong></span> <span class='ocrx_word' id='word_1_41' title='bbox 1007 1017 1111 1082; x_wconf 87' lang='lat' dir='ltr'><strong>merita</strong></span> 
     </span>
     <span class='ocr_line' id='line_1_7' title="bbox 96 1153 264 1217; baseline -0.024 -16"><span class='ocrx_word' id='word_1_42' title='bbox 96 1153 264 1217; x_wconf 83' lang='lat' dir='ltr'><strong>poenarum</strong></span> 
     </span>
    </p>
   </div>
   <div class='ocr_carea' id='block_1_4' title="bbox 564 1307 646 1376">
    <p class='ocr_par' dir='ltr' id='par_1_4' title="bbox 564 1307 646 1376">
     <span class='ocr_line' id='line_1_8' title="bbox 564 1307 646 1376; baseline -0.012 -1"><span class='ocrx_word' id='word_1_43' title='bbox 564 1307 646 1376; x_wconf 84' lang='lat' dir='ltr'><strong>XX.</strong></span> 
     </span>
    </p>
   </div>
   <div class='ocr_carea' id='block_1_5' title="bbox 62 1473 1113 2350">
    <p class='ocr_par' dir='ltr' id='par_1_5' title="bbox 94 1473 1113 1785">
     <span class='ocr_line' id='line_1_9' title="bbox 178 1473 1113 1559; baseline -0.002 -21"><span class='ocrx_word' id='word_1_44' title='bbox 178 1475 253 1538; x_wconf 90' lang='lat' dir='ltr'><strong>Nam</strong></span> <span class='ocrx_word' id='word_1_45' title='bbox 276 1479 306 1538; x_wconf 86' lang='lat' dir='ltr'><strong>ct</strong></span> <span class='ocrx_word' id='word_1_46' title='bbox 328 1473 428 1538; x_wconf 89' lang='lat' dir='ltr'><strong>ludam</strong></span> <span class='ocrx_word' id='word_1_47' title='bbox 448 1473 471 1553; x_wconf 88' lang='lat'><strong>¹)</strong></span> <span class='ocrx_word' id='word_1_48' title='bbox 494 1475 571 1539; x_wconf 89' lang='lat' dir='ltr'><strong>inter</strong></span> <span class='ocrx_word' id='word_1_49' title='bbox 593 1477 747 1559; x_wconf 84' lang='lat' dir='ltr'><strong>apostolos</strong></span> <span class='ocrx_word' id='word_1_50' title='bbox 777 1475 913 1550; x_wconf 88' lang='lat' dir='ltr'><strong>dominns</strong></span> <span class='ocrx_word' id='word_1_51' title='bbox 942 1474 1048 1557; x_wconf 79' lang='lat' dir='ltr'><strong>elegit,</strong></span> <span class='ocrx_word' id='word_1_52' title='bbox 1082 1479 1113 1537; x_wconf 90' lang='lat' dir='ltr'><strong>ct</strong></span> 
     </span>
     <span class='ocr_line' id='line_1_10' title="bbox 95 1587 1110 1672; baseline -0.004 -19"><span class='ocrx_word' id='word_1_53' title='bbox 95 1597 191 1653; x_wconf 88' lang='lat' dir='ltr'><strong>tamen</strong></span> <span class='ocrx_word' id='word_1_54' title='bbox 222 1587 371 1652; x_wconf 89' lang='lat' dir='ltr'><strong>dominum</strong></span> <span class='ocrx_word' id='word_1_55' title='bbox 394 1587 482 1651; x_wconf 87' lang='lat' dir='ltr'><strong>Iudas</strong></span> <span class='ocrx_word' id='word_1_56' title='bbox 513 1588 701 1672; x_wconf 86' lang='lat' dir='ltr'><strong>postmodum</strong></span> <span class='ocrx_word' id='word_1_57' title='bbox 729 1588 867 1672; x_wconf 74' lang='lat' dir='ltr'><strong>prodidit.</strong></span> <span class='ocrx_word' id='word_1_58' title='bbox 912 1589 980 1652; x_wconf 89' lang='lat' dir='ltr'><strong>Non</strong></span> <span class='ocrx_word' id='word_1_59' title='bbox 1011 1593 1110 1650; x_wconf 87' lang='lat' dir='ltr'><strong>tamen</strong></span> 
     </span>
     <span class='ocr_line' id='line_1_11' title="bbox 94 1697 1112 1785; baseline 0 -21"><span class='ocrx_word' id='word_1_60' title='bbox 94 1701 206 1764; x_wconf 91' lang='lat' dir='ltr'><strong>idcirco</strong></span> <span class='ocrx_word' id='word_1_61' title='bbox 219 1697 247 1778; x_wconf 64' lang='grc'><strong>2)</strong></span> <span class='ocrx_word' id='word_1_62' title='bbox 268 1702 472 1784; x_wconf 87' lang='lat' dir='ltr'><strong>apostolorum</strong></span> <span class='ocrx_word' id='word_1_63' title='bbox 495 1702 571 1766; x_wconf 86' lang='lat' dir='ltr'><strong>tides</strong></span> <span class='ocrx_word' id='word_1_64' title='bbox 595 1711 625 1766; x_wconf 89' lang='lat' dir='ltr'><strong>et</strong></span> <span class='ocrx_word' id='word_1_65' title='bbox 647 1703 768 1768; x_wconf 84' lang='lat' dir='ltr'><strong>firmitas</strong></span> <span class='ocrx_word' id='word_1_66' title='bbox 792 1703 916 1784; x_wconf 90' lang='lat' dir='ltr'><strong>cecidit,</strong></span> <span class='ocrx_word' id='word_1_67' title='bbox 943 1704 1012 1784; x_wconf 89' lang='lat' dir='ltr'><strong>quia</strong></span> <span class='ocrx_word' id='word_1_68' title='bbox 1035 1719 1112 1785; x_wconf 86' lang='lat' dir='ltr'><strong>pro-</strong></span> 
     </span>
    </p>

    <p class='ocr_par' dir='ltr' id='par_1_6' title="bbox 62 1813 1112 2350">
     <span class='ocr_line' id='line_1_12' title="bbox 62 1813 1112 1881; baseline 0.006 -8"><span class='ocrx_word' id='word_1_69' title='bbox 62 1815 173 1879; x_wconf 89' lang='lat' dir='ltr'><strong>nditor</strong></span> <span class='ocrx_word' id='word_1_70' title='bbox 194 1813 281 1877; x_wconf 89' lang='lat' dir='ltr'><strong>Iudas</strong></span> <span class='ocrx_word' id='word_1_71' title='bbox 311 1814 347 1877; x_wconf 89' lang='lat' dir='ltr'><strong>ab</strong></span> <span class='ocrx_word' id='word_1_72' title='bbox 379 1832 483 1877; x_wconf 87' lang='lat' dir='ltr'><strong>eorum</strong></span> <span class='ocrx_word' id='word_1_73' title='bbox 514 1816 658 1879; x_wconf 85' lang='lat' dir='ltr'><strong>societate</strong></span> <span class='ocrx_word' id='word_1_74' title='bbox 685 1814 802 1878; x_wconf 85' lang='lat' dir='ltr'><strong>deiecit.</strong></span> <span class='ocrx_word' id='word_1_75' title='bbox 848 1815 897 1880; x_wconf 91' lang='lat' dir='ltr'><strong>Sic</strong></span> <span class='ocrx_word' id='word_1_76' title='bbox 926 1825 958 1879; x_wconf 91' lang='lat' dir='ltr'><strong>et</strong></span> <span class='ocrx_word' id='word_1_77' title='bbox 980 1816 1027 1879; x_wconf 91' lang='lat' dir='ltr'><strong>hic</strong></span> <span class='ocrx_word' id='word_1_78' title='bbox 1050 1834 1112 1881; x_wconf 92' lang='lat' dir='ltr'><strong>non</strong></span> 
     </span>
     <span class='ocr_line' id='line_1_13' title="bbox 94 1926 1111 2014; baseline 0.002 -22"><span class='ocrx_word' id='word_1_79' title='bbox 94 1930 191 1993; x_wconf 87' lang='lat' dir='ltr'><strong>statim</strong></span> <span class='ocrx_word' id='word_1_80' title='bbox 222 1926 432 1992; x_wconf 81' lang='lat' dir='ltr'><strong>consessorum</strong></span> <span class='ocrx_word' id='word_1_81' title='bbox 460 1929 601 1992; x_wconf 88' lang='lat' dir='ltr'><strong>sanctitas</strong></span> <span class='ocrx_word' id='word_1_82' title='bbox 632 1935 661 1990; x_wconf 90' lang='lat' dir='ltr'><strong>et</strong></span> <span class='ocrx_word' id='word_1_83' title='bbox 691 1927 821 2014; x_wconf 77' lang='lat' dir='ltr'><strong>dignitas</strong></span> <span class='ocrx_word' id='word_1_84' title='bbox 852 1931 1021 1995; x_wconf 83' lang='lat' dir='ltr'><strong>conminuta</strong></span> <span class='ocrx_word' id='word_1_85' title='bbox 1054 1938 1111 2009; x_wconf 87' lang='lat' dir='ltr'><strong>est,</strong></span> 
     </span>
     <span class='ocr_line' id='line_1_14' title="bbox 94 2019 1111 2128; baseline 0.001 -22"><span class='ocrx_word' id='word_1_86' title='bbox 94 2019 161 2126; x_wconf 83' lang='lat' dir='ltr'><strong>quia</strong></span> <span class='ocrx_word' id='word_1_87' title='bbox 192 2041 377 2126; x_wconf 86' lang='lat' dir='ltr'><strong>quorundam</strong></span> <span class='ocrx_word' id='word_1_88' title='bbox 407 2041 482 2105; x_wconf 86' lang='lat' dir='ltr'><strong>fides</strong></span> <span class='ocrx_word' id='word_1_89' title='bbox 511 2040 604 2105; x_wconf 83' lang='lat' dir='ltr'><strong>tracta</strong></span> <span class='ocrx_word' id='word_1_90' title='bbox 621 2039 648 2118; x_wconf 83' lang='lat'><strong>³)</strong></span> <span class='ocrx_word' id='word_1_91' title='bbox 680 2047 734 2105; x_wconf 91' lang='lat' dir='ltr'><strong>est.</strong></span> <span class='ocrx_word' id='word_1_92' title='bbox 780 2043 888 2106; x_wconf 88' lang='lat' dir='ltr'><strong>Beatus</strong></span> <span class='ocrx_word' id='word_1_93' title='bbox 913 2044 1067 2128; x_wconf 88' lang='lat' dir='ltr'><strong>apostotus</strong></span> <span class='ocrx_word' id='word_1_94' title='bbox 1083 2042 1111 2122; x_wconf 85' lang='lat'><strong>⁴)</strong></span> 
     </span>
     <span class='ocr_line' id='line_1_15' title="bbox 94 2152 1112 2240; baseline -0.001 -19"><span class='ocrx_word' id='word_1_95' title='bbox 94 2158 226 2240; x_wconf 83' lang='lat' dir='ltr'><strong>loquitur</strong></span> <span class='ocrx_word' id='word_1_96' title='bbox 248 2157 277 2218; x_wconf 93' lang='lat' dir='ltr'><strong>in</strong></span> <span class='ocrx_word' id='word_1_97' title='bbox 308 2156 434 2238; x_wconf 88' lang='lat' dir='ltr'><strong>epistola</strong></span> <span class='ocrx_word' id='word_1_98' title='bbox 464 2173 518 2218; x_wconf 85' lang='lat' dir='ltr'><strong>sua</strong></span> <span class='ocrx_word' id='word_1_99' title='bbox 549 2154 653 2218; x_wconf 89' lang='lat' dir='ltr'><strong>dicens</strong></span> <span class='ocrx_word' id='word_1_100' title='bbox 669 2152 712 2234; x_wconf 70' lang='grc'><strong>5);</strong></span> <span class='ocrx_word' id='word_1_101' title='bbox 744 2155 827 2232; x_wconf 81' lang='lat' dir='ltr'><strong>Qotd</strong></span> <span class='ocrx_word' id='word_1_102' title='bbox 857 2157 938 2220; x_wconf 83' lang='lat' dir='ltr'><strong>onim</strong></span> <span class='ocrx_word' id='word_1_103' title='bbox 966 2159 996 2221; x_wconf 84' lang='lat' dir='ltr'><strong>ai</strong></span> <span class='ocrx_word' id='word_1_104' title='bbox 1023 2160 1112 2220; x_wconf 79' lang='lat' dir='ltr'><strong>ecci-</strong></span> 
     </span>
     <span class='ocr_line' id='line_1_16' title="bbox 93 2265 1112 2350; baseline -0.002 -14"><span class='ocrx_word' id='word_1_105' title='bbox 93 2273 206 2336; x_wconf 74' lang='lat' dir='ltr'><strong>dedrmt</strong></span> <span class='ocrx_word' id='word_1_106' title='bbox 228 2291 248 2334; x_wconf 87' lang='grc' dir='ltr'><em>α</em></span> <span class='ocrx_word' id='word_1_107' title='bbox 268 2271 328 2349; x_wconf 77' lang='lat' dir='ltr'><strong>fide</strong></span> <span class='ocrx_word' id='word_1_108' title='bbox 350 2270 475 2350; x_wconf 81' lang='lat' dir='ltr'><strong>quidam</strong></span> <span class='ocrx_word' id='word_1_109' title='bbox 496 2269 620 2334; x_wconf 79' lang='lat' dir='ltr'><strong>itteram</strong></span> <span class='ocrx_word' id='word_1_110' title='bbox 631 2265 670 2345; x_wconf 83' lang='lat'><strong>⁶),</strong></span> <span class='ocrx_word' id='word_1_111' title='bbox 694 2269 842 2349; x_wconf 78' lang='lat' dir='ltr'><strong>namquid</strong></span> <span class='ocrx_word' id='word_1_112' title='bbox 857 2270 1024 2349; x_wconf 78' lang='lat' dir='ltr'><strong>infidelitas</strong></span> <span class='ocrx_word' id='word_1_113' title='bbox 1040 2272 1112 2335; x_wconf 85' lang='lat' dir='ltr'><strong>itto-</strong></span> 
     </span>
    </p>
   </div>
   <div class='ocr_carea' id='block_1_6' title="bbox 94 2470 1115 2662">
    <p class='ocr_par' dir='ltr' id='par_1_7' title="bbox 94 2470 1115 2662">
     <span class='ocr_line' id='line_1_17' title="bbox 165 2470 1115 2576; baseline 0.004 -19"><span class='ocrx_word' id='word_1_114' title='bbox 165 2506 210 2572; x_wconf 89' lang='grc'><strong>15)</strong></span> <span class='ocrx_word' id='word_1_115' title='bbox 229 2509 392 2562; x_wconf 74' lang='lat' dir='ltr'><strong>oratricem-it</strong></span> <span class='ocrx_word' id='word_1_116' title='bbox 409 2470 453 2558; x_wconf 81' lang='lat' dir='ltr'><strong>Ba.</strong></span> <span class='ocrx_word' id='word_1_117' title='bbox 491 2504 566 2570; x_wconf 84' lang='lat' dir='ltr'><strong>Quod</strong></span> <span class='ocrx_word' id='word_1_118' title='bbox 592 2506 658 2558; x_wconf 88' lang='lat' dir='ltr'><strong>intsr</strong></span> <span class='ocrx_word' id='word_1_119' title='bbox 681 2508 761 2575; x_wconf 74' lang='lat' dir='ltr'><strong>quari</strong></span> <span class='ocrx_word' id='word_1_120' title='bbox 785 2513 811 2558; x_wconf 82' lang='lat' dir='ltr'><strong>et</strong></span> <span class='ocrx_word' id='word_1_121' title='bbox 837 2509 937 2562; x_wconf 77' lang='lat' dir='ltr'><strong>eiectae</strong></span> <span class='ocrx_word' id='word_1_122' title='bbox 962 2508 1057 2576; x_wconf 84' lang='lat' dir='ltr'><strong>primus</strong></span> <span class='ocrx_word' id='word_1_123' title='bbox 1084 2523 1115 2561; x_wconf 86' lang='lat' dir='ltr'><strong>es</strong></span> 
     </span>
     <span class='ocr_line' id='line_1_18' title="bbox 94 2591 1114 2662; baseline 0.002 -16"><span class='ocrx_word' id='word_1_124' title='bbox 94 2595 136 2648; x_wconf 84' lang='lat' dir='ltr'><strong>dis.</strong></span> <span class='ocrx_word' id='word_1_125' title='bbox 149 2593 303 2662; x_wconf 79' lang='lat' dir='ltr'><strong>interposuit</strong></span> <span class='ocrx_word' id='word_1_126' title='bbox 315 2591 439 2644; x_wconf 78' lang='lat' dir='ltr'><strong>Panaetius</strong></span> <span class='ocrx_word' id='word_1_127' title='bbox 452 2591 557 2644; x_wconf 75' lang='lat' dir='ltr'><strong>verbum</strong></span> <span class='ocrx_word' id='word_1_128' title='bbox 577 2591 653 2644; x_wconf 82' lang='lat' dir='ltr'><strong>auxil.</strong></span> <span class='ocrx_word' id='word_1_129' title='bbox 672 2597 710 2646; x_wconf 83' lang='lat' dir='ltr'><strong>att</strong></span> <span class='ocrx_word' id='word_1_130' title='bbox 727 2591 802 2645; x_wconf 87' lang='lat' dir='ltr'><strong>codd.</strong></span> <span class='ocrx_word' id='word_1_131' title='bbox 822 2596 902 2646; x_wconf 79' lang='lat' dir='ltr'><strong>nostri</strong></span> <span class='ocrx_word' id='word_1_132' title='bbox 920 2609 1018 2659; x_wconf 87' lang='lat' dir='ltr'><strong>omnes,</strong></span> <span class='ocrx_word' id='word_1_133' title='bbox 1036 2595 1114 2648; x_wconf 89' lang='lat' dir='ltr'><strong>item-</strong></span> 
     </span>
    </p>
   </div>
   <div class='ocr_carea' id='block_1_7' title="bbox 94 2679 1116 2840">
    <p class='ocr_par' dir='ltr' id='par_1_8' title="bbox 94 2679 1116 2840">
     <span class='ocr_line' id='line_1_19' title="bbox 94 2679 1116 2764; baseline 0.001 -30"><span class='ocrx_word' id='word_1_134' title='bbox 94 2699 141 2752; x_wconf 87' lang='lat' dir='ltr'><strong>que</strong></span> <span class='ocrx_word' id='word_1_135' title='bbox 159 2680 242 2732; x_wconf 86' lang='lat' dir='ltr'><strong>Italici</strong></span> <span class='ocrx_word' id='word_1_136' title='bbox 267 2689 337 2734; x_wconf 86' lang='lat' dir='ltr'><strong>recte</strong></span> <span class='ocrx_word' id='word_1_137' title='bbox 363 2682 486 2734; x_wconf 86' lang='lat' dir='ltr'><strong>omittunt.</strong></span> <span class='ocrx_word' id='word_1_138' title='bbox 523 2679 551 2732; x_wconf 82' lang='lat' dir='ltr'><strong>ln</strong></span> <span class='ocrx_word' id='word_1_139' title='bbox 573 2695 644 2764; x_wconf 77' lang='lat' dir='ltr'><strong>seqq.</strong></span> <span class='ocrx_word' id='word_1_140' title='bbox 663 2696 710 2748; x_wconf 86' lang='lat' dir='ltr'><strong>pro</strong></span> <span class='ocrx_word' id='word_1_141' title='bbox 729 2684 824 2736; x_wconf 80' lang='lat' dir='ltr'><strong>merito</strong></span> <span class='ocrx_word' id='word_1_142' title='bbox 841 2679 879 2732; x_wconf 87' lang='lat' dir='ltr'><strong>Bb</strong></span> <span class='ocrx_word' id='word_1_143' title='bbox 899 2683 1010 2749; x_wconf 83' lang='lat' dir='ltr'><strong>pessime</strong></span> <span class='ocrx_word' id='word_1_144' title='bbox 1028 2683 1116 2736; x_wconf 86' lang='lat' dir='ltr'><strong>scribit</strong></span> 
     </span>
     <span class='ocr_line' id='line_1_20' title="bbox 94 2787 228 2840; baseline -0.015 -17"><span class='ocrx_word' id='word_1_145' title='bbox 94 2787 228 2840; x_wconf 71' lang='lat' dir='ltr'><strong>praemio.</strong></span> 
     </span>
    </p>
   </div>
   <div class='ocr_carea' id='block_1_8' title="bbox 63 2874 1121 4097">
    <p class='ocr_par' dir='ltr' id='par_1_9' title="bbox 92 2874 1118 3484">
     <span class='ocr_line' id='line_1_21' title="bbox 162 2874 1117 2960; baseline 0.003 -19"><span class='ocrx_word' id='word_1_146' title='bbox 162 2889 215 2941; x_wconf 79' lang='lat' dir='ltr'><strong>XX.</strong></span> <span class='ocrx_word' id='word_1_147' title='bbox 244 2891 271 2950; x_wconf 89' lang='grc'><strong>1)</strong></span> <span class='ocrx_word' id='word_1_148' title='bbox 290 2874 375 2944; x_wconf 58' lang='lat' dir='ltr'><strong>inoffi</strong></span> <span class='ocrx_word' id='word_1_149' title='bbox 393 2889 433 2943; x_wconf 89' lang='lat' dir='ltr'><strong>W.</strong></span> <span class='ocrx_word' id='word_1_150' title='bbox 474 2889 613 2958; x_wconf 84' lang='lat' dir='ltr'><strong>Praeposit.</strong></span> <span class='ocrx_word' id='word_1_151' title='bbox 631 2893 700 2945; x_wconf 79' lang='lat' dir='ltr'><strong>inter·</strong></span> <span class='ocrx_word' id='word_1_152' title='bbox 725 2890 757 2942; x_wconf 90' lang='lat' dir='ltr'><strong>ab</strong></span> <span class='ocrx_word' id='word_1_153' title='bbox 778 2891 809 2943; x_wconf 88' lang='lat' dir='ltr'><strong>al.</strong></span> <span class='ocrx_word' id='word_1_154' title='bbox 829 2907 861 2944; x_wconf 88' lang='lat' dir='ltr'><strong>m.</strong></span> <span class='ocrx_word' id='word_1_155' title='bbox 880 2909 957 2960; x_wconf 89' lang='lat' dir='ltr'><strong>supra</strong></span> <span class='ocrx_word' id='word_1_156' title='bbox 975 2892 1019 2945; x_wconf 87' lang='lat' dir='ltr'><strong>lin.</strong></span> <span class='ocrx_word' id='word_1_157' title='bbox 1039 2892 1117 2944; x_wconf 84' lang='lat' dir='ltr'><strong>habet</strong></span> 
     </span>
     <span class='ocr_line' id='line_1_22' title="bbox 93 2978 1118 3048; baseline 0.002 -18"><span class='ocrx_word' id='word_1_158' title='bbox 93 2978 140 3031; x_wconf 80' lang='lat' dir='ltr'><strong>dic.</strong></span> <span class='ocrx_word' id='word_1_159' title='bbox 179 2979 239 3030; x_wconf 81' lang='lat' dir='ltr'><strong>dior</strong></span> <span class='ocrx_word' id='word_1_160' title='bbox 257 2981 339 3032; x_wconf 80' lang='lat' dir='ltr'><strong>Iudas</strong></span> <span class='ocrx_word' id='word_1_161' title='bbox 359 2982 492 3033; x_wconf 77' lang='lat' dir='ltr'><strong>dominam</strong></span> <span class='ocrx_word' id='word_1_162' title='bbox 516 2983 682 3048; x_wconf 80' lang='lat' dir='ltr'><strong>postmodum</strong></span> <span class='ocrx_word' id='word_1_163' title='bbox 706 2979 749 3031; x_wconf 92' lang='lat' dir='ltr'><strong>dat</strong></span> <span class='ocrx_word' id='word_1_164' title='bbox 768 2979 820 3045; x_wconf 80' lang='lat' dir='ltr'><strong>Bb,</strong></span> <span class='ocrx_word' id='word_1_165' title='bbox 845 2982 928 3034; x_wconf 82' lang='lat' dir='ltr'><strong>ludos</strong></span> <span class='ocrx_word' id='word_1_166' title='bbox 946 2981 1118 3047; x_wconf 61' lang='lat' dir='ltr'><strong>postmodam</strong></span> 
     </span>
     <span class='ocr_line' id='line_1_23' title="bbox 92 3064 1116 3138; baseline -0.001 -19"><span class='ocrx_word' id='word_1_167' title='bbox 92 3064 302 3130; x_wconf 71' lang='lat' dir='ltr'><strong>dominantia,</strong></span> <span class='ocrx_word' id='word_1_168' title='bbox 328 3069 462 3120; x_wconf 73' lang='lat' dir='ltr'><strong>dominium</strong></span> <span class='ocrx_word' id='word_1_169' title='bbox 478 3070 644 3136; x_wconf 81' lang='lat' dir='ltr'><strong>postmodam</strong></span> <span class='ocrx_word' id='word_1_170' title='bbox 662 3070 746 3121; x_wconf 78' lang='lat' dir='ltr'><strong>dardos</strong></span> <span class='ocrx_word' id='word_1_171' title='bbox 766 3067 815 3120; x_wconf 84' lang='lat' dir='ltr'><strong>Mb.</strong></span> <span class='ocrx_word' id='word_1_172' title='bbox 852 3067 952 3119; x_wconf 87' lang='lat' dir='ltr'><strong>Deinde</strong></span> <span class='ocrx_word' id='word_1_173' title='bbox 968 3069 1116 3138; x_wconf 78' lang='lat' dir='ltr'><strong>prodidita</strong></span> 
     </span>
     <span class='ocr_line' id='line_1_24' title="bbox 93 3151 1117 3222; baseline -0.001 -18"><span class='ocrx_word' id='word_1_174' title='bbox 93 3169 125 3204; x_wconf 91' lang='lat' dir='ltr'><strong>m.</strong></span> <span class='ocrx_word' id='word_1_175' title='bbox 145 3169 204 3221; x_wconf 76' lang='lat' dir='ltr'><strong>pm,</strong></span> <span class='ocrx_word' id='word_1_176' title='bbox 232 3167 246 3203; x_wconf 90' lang='lat' dir='ltr'><strong>a</strong></span> <span class='ocrx_word' id='word_1_177' title='bbox 272 3169 323 3205; x_wconf 88' lang='lat' dir='ltr'><strong>sec.</strong></span> <span class='ocrx_word' id='word_1_178' title='bbox 343 3157 452 3208; x_wconf 81' lang='lat' dir='ltr'><strong>tradidit</strong></span> <span class='ocrx_word' id='word_1_179' title='bbox 476 3153 532 3217; x_wconf 83' lang='lat' dir='ltr'><strong>Mb3</strong></span> <span class='ocrx_word' id='word_1_180' title='bbox 558 3157 666 3210; x_wconf 82' lang='lat' dir='ltr'><strong>tradidit</strong></span> <span class='ocrx_word' id='word_1_181' title='bbox 684 3155 724 3209; x_wconf 88' lang='lat' dir='ltr'><strong>W.</strong></span> <span class='ocrx_word' id='word_1_182' title='bbox 745 3155 793 3209; x_wconf 88' lang='lat' dir='ltr'><strong>Ma.</strong></span> <span class='ocrx_word' id='word_1_183' title='bbox 813 3155 849 3208; x_wconf 86' lang='lat' dir='ltr'><strong>Ba</strong></span> <span class='ocrx_word' id='word_1_184' title='bbox 874 3163 900 3207; x_wconf 89' lang='lat' dir='ltr'><strong>et</strong></span> <span class='ocrx_word' id='word_1_185' title='bbox 923 3161 1041 3222; x_wconf 85' lang='lat' dir='ltr'><strong>quattuor</strong></span> <span class='ocrx_word' id='word_1_186' title='bbox 1060 3151 1117 3204; x_wconf 84' lang='lat' dir='ltr'><strong>Vat.</strong></span> 
     </span>
     <span class='ocr_line' id='line_1_25' title="bbox 93 3237 1116 3312; baseline -0.002 -21"><span class='ocrx_word' id='word_1_187' title='bbox 93 3241 121 3304; x_wconf 82' lang='lat'><strong>2)</strong></span> <span class='ocrx_word' id='word_1_188' title='bbox 140 3244 244 3296; x_wconf 76' lang='lat' dir='ltr'><strong>iccirco</strong></span> <span class='ocrx_word' id='word_1_189' title='bbox 268 3238 361 3290; x_wconf 79' lang='lat' dir='ltr'><strong>Manat.</strong></span> <span class='ocrx_word' id='word_1_190' title='bbox 380 3237 473 3290; x_wconf 83' lang='lat' dir='ltr'><strong>Pamcl.</strong></span> <span class='ocrx_word' id='word_1_191' title='bbox 492 3238 584 3308; x_wconf 77' lang='lat' dir='ltr'><strong>Rigalt.</strong></span> <span class='ocrx_word' id='word_1_192' title='bbox 605 3239 685 3293; x_wconf 86' lang='lat' dir='ltr'><strong>0x0n.</strong></span> <span class='ocrx_word' id='word_1_193' title='bbox 724 3239 785 3293; x_wconf 81' lang='lat' dir='ltr'><strong>Tum</strong></span> <span class='ocrx_word' id='word_1_194' title='bbox 810 3245 924 3312; x_wconf 70' lang='lat' dir='ltr'><strong>firmitas</strong></span> <span class='ocrx_word' id='word_1_195' title='bbox 948 3251 972 3294; x_wconf 80' lang='lat' dir='ltr'><strong>ct</strong></span> <span class='ocrx_word' id='word_1_196' title='bbox 994 3244 1057 3304; x_wconf 80' lang='lat' dir='ltr'><strong>ttdoo</strong></span> <span class='ocrx_word' id='word_1_197' title='bbox 1077 3238 1116 3290; x_wconf 87' lang='lat' dir='ltr'><strong>W.</strong></span> 
     </span>
     <span class='ocr_line' id='line_1_26' title="bbox 94 3324 1118 3400; baseline -0.002 -22"><span class='ocrx_word' id='word_1_198' title='bbox 94 3327 197 3380; x_wconf 83' lang='lat' dir='ltr'><strong>diabcd.</strong></span> <span class='ocrx_word' id='word_1_199' title='bbox 216 3324 261 3379; x_wconf 88' lang='lat' dir='ltr'><strong>Ba.</strong></span> <span class='ocrx_word' id='word_1_200' title='bbox 277 3327 307 3378; x_wconf 81' lang='grc' dir='ltr'><strong>Α.</strong></span> <span class='ocrx_word' id='word_1_201' title='bbox 339 3325 428 3378; x_wconf 86' lang='lat' dir='ltr'><strong>Statim</strong></span> <span class='ocrx_word' id='word_1_202' title='bbox 447 3330 541 3381; x_wconf 84' lang='lat' dir='ltr'><strong>decidit</strong></span> <span class='ocrx_word' id='word_1_203' title='bbox 554 3327 603 3380; x_wconf 80' lang='lat' dir='ltr'><strong>mh.</strong></span> <span class='ocrx_word' id='word_1_204' title='bbox 640 3327 668 3391; x_wconf 78' lang='grc'><strong>3)</strong></span> <span class='ocrx_word' id='word_1_205' title='bbox 679 3328 825 3400; x_wconf 72' lang='lat' dir='ltr'><strong>foctert</strong></span> <span class='ocrx_word' id='word_1_206' title='bbox 837 3345 874 3396; x_wconf 87' lang='lat' dir='ltr'><strong>pr.</strong></span> <span class='ocrx_word' id='word_1_207' title='bbox 887 3328 936 3380; x_wconf 85' lang='lat' dir='ltr'><strong>Mb.</strong></span> <span class='ocrx_word' id='word_1_208' title='bbox 973 3327 1004 3392; x_wconf 86' lang='grc'><strong>4)</strong></span> <span class='ocrx_word' id='word_1_209' title='bbox 1017 3325 1054 3377; x_wconf 91' lang='lat' dir='ltr'><strong>lta</strong></span> <span class='ocrx_word' id='word_1_210' title='bbox 1071 3341 1118 3396; x_wconf 76' lang='lat' dir='ltr'><strong>pro</strong></span> 
     </span>
     <span class='ocr_line' id='line_1_27' title="bbox 93 3407 1118 3484; baseline -0.004 -16"><span class='ocrx_word' id='word_1_211' title='bbox 93 3418 190 3469; x_wconf 76' lang='lat' dir='ltr'><strong>isaim</strong></span> <span class='ocrx_word' id='word_1_212' title='bbox 211 3418 315 3469; x_wconf 81' lang='lat' dir='ltr'><strong>Paulus</strong></span> <span class='ocrx_word' id='word_1_213' title='bbox 335 3419 483 3484; x_wconf 78' lang='lat' dir='ltr'><strong>apostotos,</strong></span> <span class='ocrx_word' id='word_1_214' title='bbox 503 3415 540 3466; x_wconf 87' lang='lat' dir='ltr'><strong>uti</strong></span> <span class='ocrx_word' id='word_1_215' title='bbox 558 3415 651 3484; x_wconf 78' lang='lat' dir='ltr'><strong>legitur</strong></span> <span class='ocrx_word' id='word_1_216' title='bbox 669 3407 710 3484; x_wconf 71' lang='lat' dir='ltr'><strong>ad.</strong></span> <span class='ocrx_word' id='word_1_217' title='bbox 722 3415 809 3469; x_wconf 82' lang='lat' dir='ltr'><strong>Balur.</strong></span> <span class='ocrx_word' id='word_1_218' title='bbox 830 3425 856 3468; x_wconf 87' lang='lat' dir='ltr'><strong>et</strong></span> <span class='ocrx_word' id='word_1_219' title='bbox 868 3413 968 3480; x_wconf 74' lang='lat' dir='ltr'><strong>dotem,</strong></span> <span class='ocrx_word' id='word_1_220' title='bbox 988 3413 1062 3466; x_wconf 92' lang='lat' dir='ltr'><strong>codd.</strong></span> <span class='ocrx_word' id='word_1_221' title='bbox 1077 3412 1118 3464; x_wconf 91' lang='lat' dir='ltr'><strong>W.</strong></span> 
     </span>
    </p>

    <p class='ocr_par' dir='ltr' id='par_1_10' title="bbox 63 3499 1121 4097">
     <span class='ocr_line' id='line_1_28' title="bbox 63 3499 1120 3574; baseline -0.001 -22"><span class='ocrx_word' id='word_1_222' title='bbox 63 3513 64 3520; x_wconf 57' lang='lat'>¹</span> <span class='ocrx_word' id='word_1_223' title='bbox 92 3500 198 3554; x_wconf 74' lang='lat' dir='ltr'><strong>nabad.</strong></span> <span class='ocrx_word' id='word_1_224' title='bbox 209 3499 229 3552; x_wconf 91' lang='grc' dir='ltr'><strong>Β</strong></span> <span class='ocrx_word' id='word_1_225' title='bbox 242 3510 268 3554; x_wconf 88' lang='lat' dir='ltr'><strong>et</strong></span> <span class='ocrx_word' id='word_1_226' title='bbox 277 3501 332 3554; x_wconf 87' lang='lat' dir='ltr'><strong>rell.</strong></span> <span class='ocrx_word' id='word_1_227' title='bbox 347 3501 405 3553; x_wconf 88' lang='lat' dir='ltr'><strong>edd.</strong></span> <span class='ocrx_word' id='word_1_228' title='bbox 417 3510 520 3568; x_wconf 86' lang='lat' dir='ltr'><strong>practer</strong></span> <span class='ocrx_word' id='word_1_229' title='bbox 528 3501 687 3567; x_wconf 74' lang='lat' dir='ltr'><strong>(draitonam,</strong></span> <span class='ocrx_word' id='word_1_230' title='bbox 700 3505 724 3554; x_wconf 91' lang='lat' dir='ltr'><strong>in</strong></span> <span class='ocrx_word' id='word_1_231' title='bbox 735 3520 784 3571; x_wconf 86' lang='lat' dir='ltr'><strong>qua</strong></span> <span class='ocrx_word' id='word_1_232' title='bbox 796 3506 934 3574; x_wconf 77' lang='lat' dir='ltr'><strong>apostotus</strong></span> <span class='ocrx_word' id='word_1_233' title='bbox 946 3509 1067 3552; x_wconf 87' lang='lat' dir='ltr'><strong>mutatum</strong></span> <span class='ocrx_word' id='word_1_234' title='bbox 1081 3507 1120 3552; x_wconf 85' lang='lat' dir='ltr'><strong>cst</strong></span> 
     </span>
     <span class='ocr_line' id='line_1_29' title="bbox 94 3589 1119 3661; baseline -0.001 -20"><span class='ocrx_word' id='word_1_235' title='bbox 94 3589 119 3640; x_wconf 88' lang='lat' dir='ltr'><strong>ir</strong></span> <span class='ocrx_word' id='word_1_236' title='bbox 135 3593 261 3655; x_wconf 68' lang='lat' dir='ltr'><strong>Poutosr</strong></span> <span class='ocrx_word' id='word_1_237' title='bbox 281 3593 373 3644; x_wconf 80' lang='lat' dir='ltr'><strong>tactor</strong></span> <span class='ocrx_word' id='word_1_238' title='bbox 391 3594 529 3661; x_wconf 81' lang='lat' dir='ltr'><strong>apostotus</strong></span> <span class='ocrx_word' id='word_1_239' title='bbox 541 3589 647 3646; x_wconf 76' lang='lat' dir='ltr'><strong>Pontus</strong></span> <span class='ocrx_word' id='word_1_240' title='bbox 666 3591 786 3644; x_wconf 75' lang='lat' dir='ltr'><strong>exhibent</strong></span> <span class='ocrx_word' id='word_1_241' title='bbox 798 3591 855 3644; x_wconf 89' lang='lat' dir='ltr'><strong>Ver.</strong></span> <span class='ocrx_word' id='word_1_242' title='bbox 876 3600 901 3644; x_wconf 84' lang='lat' dir='ltr'><strong>et</strong></span> <span class='ocrx_word' id='word_1_243' title='bbox 917 3591 961 3644; x_wconf 91' lang='lat' dir='ltr'><strong>Ba.</strong></span> <span class='ocrx_word' id='word_1_244' title='bbox 998 3589 1049 3641; x_wconf 87' lang='lat' dir='ltr'><strong>Sed</strong></span> <span class='ocrx_word' id='word_1_245' title='bbox 1068 3604 1119 3641; x_wconf 89' lang='lat' dir='ltr'><strong>nc-</strong></span> 
     </span>
     <span class='ocr_line' id='line_1_30' title="bbox 95 3677 1120 3750; baseline 0.002 -22"><span class='ocrx_word' id='word_1_246' title='bbox 95 3693 155 3728; x_wconf 87' lang='lat' dir='ltr'><strong>meo</strong></span> <span class='ocrx_word' id='word_1_247' title='bbox 174 3679 299 3750; x_wconf 79' lang='lat' dir='ltr'><strong>Porrima,</strong></span> <span class='ocrx_word' id='word_1_248' title='bbox 326 3686 353 3728; x_wconf 89' lang='lat' dir='ltr'><strong>ut</strong></span> <span class='ocrx_word' id='word_1_249' title='bbox 371 3679 463 3746; x_wconf 83' lang='lat' dir='ltr'><strong>passim</strong></span> <span class='ocrx_word' id='word_1_250' title='bbox 482 3679 506 3729; x_wconf 91' lang='lat' dir='ltr'><strong>in</strong></span> <span class='ocrx_word' id='word_1_251' title='bbox 526 3677 611 3731; x_wconf 86' lang='lat' dir='ltr'><strong>Nostri</strong></span> <span class='ocrx_word' id='word_1_252' title='bbox 631 3681 747 3748; x_wconf 82' lang='lat' dir='ltr'><strong>scriptis,</strong></span> <span class='ocrx_word' id='word_1_253' title='bbox 773 3695 806 3730; x_wconf 85' lang='lat' dir='ltr'><strong>ex</strong></span> <span class='ocrx_word' id='word_1_254' title='bbox 833 3679 986 3748; x_wconf 76' lang='lat' dir='ltr'><strong>glossemate</strong></span> <span class='ocrx_word' id='word_1_255' title='bbox 1007 3677 1120 3730; x_wconf 86' lang='lat' dir='ltr'><strong>additum</strong></span> 
     </span>
     <span class='ocr_line' id='line_1_31' title="bbox 97 3763 1119 3836; baseline 0.003 -22"><span class='ocrx_word' id='word_1_256' title='bbox 97 3772 146 3815; x_wconf 83' lang='lat' dir='ltr'><strong>cst.</strong></span> <span class='ocrx_word' id='word_1_257' title='bbox 182 3763 246 3815; x_wconf 89' lang='lat' dir='ltr'><strong>Tum</strong></span> <span class='ocrx_word' id='word_1_258' title='bbox 265 3769 383 3835; x_wconf 73' lang='lat' dir='ltr'><strong>loquitor</strong></span> <span class='ocrx_word' id='word_1_259' title='bbox 400 3768 429 3818; x_wconf 87' lang='lat' dir='ltr'><strong>in</strong></span> <span class='ocrx_word' id='word_1_260' title='bbox 448 3769 566 3836; x_wconf 79' lang='lat' dir='ltr'><strong>epistota</strong></span> <span class='ocrx_word' id='word_1_261' title='bbox 584 3767 634 3833; x_wconf 88' lang='lat' dir='ltr'><strong>(sic</strong></span> <span class='ocrx_word' id='word_1_262' title='bbox 652 3766 683 3817; x_wconf 88' lang='lat' dir='ltr'>W</span> <span class='ocrx_word' id='word_1_263' title='bbox 703 3774 728 3818; x_wconf 84' lang='lat' dir='ltr'><strong>ct</strong></span> <span class='ocrx_word' id='word_1_264' title='bbox 746 3766 801 3836; x_wconf 81' lang='lat' dir='ltr'><strong>tto)</strong></span> <span class='ocrx_word' id='word_1_265' title='bbox 819 3783 872 3822; x_wconf 79' lang='lat' dir='ltr'><strong>atta</strong></span> <span class='ocrx_word' id='word_1_266' title='bbox 889 3781 936 3835; x_wconf 88' lang='lat' dir='ltr'><strong>pro</strong></span> <span class='ocrx_word' id='word_1_267' title='bbox 954 3769 984 3820; x_wconf 84' lang='lat' dir='ltr'><strong>in</strong></span> <span class='ocrx_word' id='word_1_268' title='bbox 1008 3768 1119 3834; x_wconf 82' lang='lat' dir='ltr'><strong>cpirtcto</strong></span> 
     </span>
     <span class='ocr_line' id='line_1_32' title="bbox 98 3851 1121 3922; baseline 0.001 -17"><span class='ocrx_word' id='word_1_269' title='bbox 98 3868 152 3905; x_wconf 81' lang='lat' dir='ltr'><strong>auo</strong></span> <span class='ocrx_word' id='word_1_270' title='bbox 170 3855 291 3922; x_wconf 80' lang='lat' dir='ltr'><strong>loquitar</strong></span> <span class='ocrx_word' id='word_1_271' title='bbox 307 3851 347 3905; x_wconf 89' lang='lat' dir='ltr'><strong>W.</strong></span> <span class='ocrx_word' id='word_1_272' title='bbox 363 3852 462 3905; x_wconf 84' lang='lat' dir='ltr'><strong>Mabcd.</strong></span> <span class='ocrx_word' id='word_1_273' title='bbox 480 3851 517 3904; x_wconf 88' lang='lat' dir='ltr'><strong>Ba</strong></span> <span class='ocrx_word' id='word_1_274' title='bbox 535 3862 561 3905; x_wconf 87' lang='lat' dir='ltr'><strong>et</strong></span> <span class='ocrx_word' id='word_1_275' title='bbox 580 3853 609 3905; x_wconf 81' lang='grc' dir='ltr'><strong>Α.</strong></span> <span class='ocrx_word' id='word_1_276' title='bbox 646 3855 675 3920; x_wconf 85' lang='grc'><strong>5)</strong></span> <span class='ocrx_word' id='word_1_277' title='bbox 695 3853 766 3907; x_wconf 80' lang='lat' dir='ltr'><strong>Rom.</strong></span> <span class='ocrx_word' id='word_1_278' title='bbox 784 3853 810 3920; x_wconf 82' lang='lat'><strong>3,</strong></span> <span class='ocrx_word' id='word_1_279' title='bbox 829 3853 906 3907; x_wconf 75' lang='lat'><strong>3-4.</strong></span> <span class='ocrx_word' id='word_1_280' title='bbox 942 3853 972 3922; x_wconf 87' lang='grc'><strong>6)</strong></span> <span class='ocrx_word' id='word_1_281' title='bbox 991 3855 1121 3908; x_wconf 71' lang='lat' dir='ltr'><strong>exciderit</strong></span> 
     </span>
     <span class='ocr_line' id='line_1_33' title="bbox 100 3940 1120 4010; baseline 0.004 -22"><span class='ocrx_word' id='word_1_282' title='bbox 100 3955 116 3988; x_wconf 86' lang='lat' dir='ltr'><strong>a</strong></span> <span class='ocrx_word' id='word_1_283' title='bbox 142 3942 219 4007; x_wconf 65' lang='lat' dir='ltr'><strong>fidens</strong></span> <span class='ocrx_word' id='word_1_284' title='bbox 246 3944 363 4010; x_wconf 75' lang='lat' dir='ltr'><strong>quidenn&#39;</strong></span> <span class='ocrx_word' id='word_1_285' title='bbox 376 3943 426 4004; x_wconf 88' lang='lat' dir='ltr'><strong>(sic</strong></span> <span class='ocrx_word' id='word_1_286' title='bbox 453 3940 548 3993; x_wconf 86' lang='lat' dir='ltr'><strong>librarii</strong></span> <span class='ocrx_word' id='word_1_287' title='bbox 575 3942 717 4010; x_wconf 79' lang='lat' dir='ltr'><strong>ignorantia</strong></span> <span class='ocrx_word' id='word_1_288' title='bbox 745 3951 771 3995; x_wconf 88' lang='lat' dir='ltr'><strong>et</strong></span> <span class='ocrx_word' id='word_1_289' title='bbox 797 3942 943 4009; x_wconf 76' lang='lat' dir='ltr'><strong>oscitantia)</strong></span> <span class='ocrx_word' id='word_1_290' title='bbox 970 3959 1062 3997; x_wconf 78' lang='lat' dir='ltr'><strong>eorum</strong></span> <span class='ocrx_word' id='word_1_291' title='bbox 1087 3941 1120 3993; x_wconf 82' lang='grc' dir='ltr'><strong>Α.</strong></span> 
     </span>
     <span class='ocr_line' id='line_1_34' title="bbox 101 4022 600 4097; baseline 0.012 -22"><span class='ocrx_word' id='word_1_292' title='bbox 101 4022 188 4080; x_wconf 77' lang='lat' dir='ltr'><strong>Verba</strong></span> <span class='ocrx_word' id='word_1_293' title='bbox 205 4045 223 4081; x_wconf 78' lang='lat' dir='ltr'><strong>a</strong></span> <span class='ocrx_word' id='word_1_294' title='bbox 242 4031 294 4097; x_wconf 74' lang='lat' dir='ltr'><strong>tide</strong></span> <span class='ocrx_word' id='word_1_295' title='bbox 310 4026 342 4081; x_wconf 88' lang='lat' dir='ltr'><strong>ab</strong></span> <span class='ocrx_word' id='word_1_296' title='bbox 361 4028 393 4081; x_wconf 86' lang='lat' dir='ltr'><strong>al.</strong></span> <span class='ocrx_word' id='word_1_297' title='bbox 412 4045 446 4081; x_wconf 88' lang='lat' dir='ltr'><strong>m.</strong></span> <span class='ocrx_word' id='word_1_298' title='bbox 465 4028 544 4082; x_wconf 81' lang='lat' dir='ltr'><strong>itabat</strong></span> <span class='ocrx_word' id='word_1_299' title='bbox 560 4025 600 4081; x_wconf 93' lang='lat' dir='ltr'><strong>W.</strong></span> 
     </span>
    </p>
   </div>
   <div class='ocr_carea' id='block_1_9' title="bbox 0 0 1453 4806">
    <p class='ocr_par' dir='ltr' id='par_1_11' title="bbox 0 0 1453 4806">
     <span class='ocr_line' id='line_1_35' title="bbox 0 0 1453 4806; baseline 0 0"><span class='ocrx_word' id='word_1_300' title='bbox 0 0 1453 4806; x_wconf 95' lang='lat' dir='ltr'><strong> </strong></span> 
     </span>
    </p>
   </div>
  </div>
 </body>
</html>
