2894 4804
775 428 837 495 tta

307 593 399 657 ticcio
422 598 453 654 ct
472 587 672 669 mercuritii,
706 595 811 652 teneus
838 587 985 669 pontium
1014 605 1142 648 auretam
1170 586 1203 647 in
1225 603 1319 647 manu

304 726 368 776 oua,
381 706 505 786 plenum
524 702 774 765 carcassonam
791 709 821 764 ct
833 700 1041 764 inmunditiae
1057 707 1087 762 ct
1099 697 1320 777 fornicationis

306 822 401 884 totius
423 828 534 883 terrac.

794 1014 837 1082 X.

391 1158 517 1242 Fugiunt
531 1155 554 1234 ¹)
579 1162 679 1220 castae
702 1157 836 1239 virgines
860 1162 890 1220 et
911 1155 1038 1238 pudicae
1060 1155 1240 1218 incestarum
1257 1154 1322 1218 cul·
1428 1161 1429 1166 ’

279 1277 370 1352 ctus,
405 1271 521 1336 habitus
544 1270 769 1352 inpudicamm,
790 1270 965 1352 lupinorum
987 1269 1131 1352 insignia,
1153 1272 1323 1334 ornamenta

305 1388 505 1452 meretricum.
551 1385 663 1449 Clamat
679 1382 707 1464 2)
730 1385 836 1468 spiritu
858 1392 962 1450 sancto
992 1385 1099 1467 plenus
1121 1383 1265 1462 Heraios,
1296 1387 1325 1444 et

306 1637 495 1704 περιβεβλημένη
517 1635 653 1702 πορφυροῦν
678 1635 718 1682 nai
745 1630 863 1682 κόκκινον.
908 1630 1030 1684 Similiter
1054 1629 1147 1684 Noster
1168 1629 1231 1699 Gap.
1256 1646 1324 1698 seq:
1428 1653 1429 1662 ¹

305 1729 430 1781 Sericum
459 1734 483 1780 st
506 1741 658 1794 purpuram
682 1725 796 1776 intutas.
844 1719 918 1772 Coni.
946 1721 1021 1772 ctiam
1048 1719 1075 1772 t.
1100 1718 1142 1772 111.
1170 1720 1203 1771 ad
1228 1718 1324 1782 Quiriu.

309 1830 330 1866 c.
350 1812 392 1865 36.
410 1828 436 1879 p.
455 1810 514 1864 317.
556 1808 690 1879 vulgatam
718 1808 856 1860 lectionem
881 1810 964 1877 pallio
989 1825 1125 1878 purpureo
1154 1816 1178 1861 ct
1206 1809 1324 1860 coccineo

308 1883 404 1950 halieot
415 1897 457 1949 rto
476 1906 502 1949 et
522 1895 609 1950 nich
619 1895 722 1947 clmus
740 1912 780 1963 ap.
794 1892 871 1947 Giies.
902 1892 961 1962 Seq.
974 1895 1063 1961 partic.
1078 1904 1102 1948 et
1119 1910 1169 1946 om.
1184 1892 1218 1943 W
1237 1909 1259 1944 c.
1278 1891 1325 1955 Ma,

310 1987 422 2054 itemque
441 1985 481 2036 hic
501 1982 567 2036 liber
583 1999 642 2037 voc.
654 1987 790 2050 pretiosio.
828 1981 892 2034 Edd.
907 1991 965 2037 ante
978 1980 1070 2034 Manut.
1084 1998 1172 2034 omnes
1192 1990 1218 2032 et
1229 1977 1325 2032 Marcii.

309 2082 407 2142 ponunt
432 2082 457 2127 ct
481 2075 637 2144 marqaritic
665 2081 690 2124 ct
715 2065 846 2140 tapidituc
874 2087 916 2140 pr.
958 2072 1102 2140 Speculum
1127 2086 1174 2138 pro
1201 2071 1327 2138 poculum

310 2159 397 2212 scribit
408 2159 441 2225 Α,
459 2174 568 2228 moxque
586 2162 766 2213 execrationis
785 2158 846 2209 dant
863 2166 924 2212 vett.
944 2157 1002 2210 edd.
1022 2173 1045 2210 c.
1064 2157 1162 2210 Erarm.
1182 2165 1209 2209 et
1221 2153 1327 2218 literali,

310 2251 509 2301 execrationum
526 2245 579 2298 reli.
616 2244 744 2313 Deinceps
763 2244 821 2297 Ver.
842 2253 901 2297 ante
921 2248 1096 2299 immunditiae
1122 2245 1209 2296 inserit
1235 2244 1327 2297 omnir.

380 2331 409 2384 X.
436 2333 464 2399 i)
489 2337 619 2404 Fuqiant,
647 2337 752 2403 suqicnt
770 2331 829 2384 Ver.
866 2331 927 2384 Tum
953 2331 994 2384 ed.
1013 2332 1134 2384 Daveotr.
1154 2343 1178 2386 at
1203 2332 1328 2386 mulianas

309 2425 412 2490 pudico.
448 2419 513 2472 Dein
538 2431 561 2474 et
587 2421 748 2486 habituali,
773 2430 797 2474 ct
814 2424 930 2474 itaiitum
948 2419 990 2472 Fr.
1009 2420 1090 2472 Emm.
1109 2420 1134 2471 2.
1171 2418 1229 2470 rtox
1247 2419 1272 2470 in
1289 2415 1328 2466 W.

312 2507 395 2562 iiabd.
421 2506 451 2560 B.
482 2508 504 2558 Α
540 2516 565 2558 et
595 2506 636 2559 Fr.
668 2506 749 2559 Emm.
781 2509 805 2558 2.
834 2523 892 2575 pro*
911 2510 1082 2577 transitorium
1110 2523 1158 2575 por
1190 2519 1327 2572 syncopam

311 2595 387 2664 plane
405 2593 557 2664 singularem
576 2595 695 2646 scribitur
719 2598 879 2664 leomarum
888 2633 898 2662 ,
924 2611 973 2646 nec
1001 2594 1074 2647 aliter
1097 2611 1135 2663 pr.
1154 2591 1267 2644 habebat
1284 2589 1327 2642 iiic.

311 2685 448 2752 Luporum
480 2689 562 2733 exstat
593 2698 633 2749 ap.
662 2681 788 2736 Aidhcim.
853 2681 915 2732 'ium
951 2693 1132 2737 avocamentum
1168 2681 1245 2733 offert
1281 2677 1327 2728 nd.

312 2769 341 2838 2)
361 2771 460 2824 Clamet
477 2768 525 2821 Ma.
561 2767 635 2831 Quod
653 2769 721 2838 vuig'.
742 2770 842 2822 additur
861 2774 938 2825 stiam
959 2771 1032 2822 omisi
1051 2771 1196 2822 auctoribus
1215 2769 1286 2821 libris
1298 2766 1327 2817 W

313 2857 400 2910 etita.
431 2860 547 2912 Heraios
565 2865 695 2925 receptum
715 2874 746 2909 ex
765 2859 839 2909 editis
859 2855 903 2910 sP.
916 2857 1007 2910 Venet.
1026 2858 1047 2908 1.
1067 2867 1092 2908 ct
1111 2856 1191 2908 iiuno.
1231 2857 1328 2910 Hosion

311 2945 389 2997 hahet
412 2945 475 2996 Ven.
500 2944 524 2996 2.
549 2959 683 3012 operarum
708 2945 814 2996 incuria.
867 2944 957 2997 Remh.
991 2947 1093 3013 scripsit
1126 2948 1239 3000 Esaias.
1293 2941 1328 2994 lta

313 3032 433 3084 exhibent
466 3048 568 3100 quoquo
599 3031 674 3084 codd.
700 3031 740 3084 W.
766 3029 795 3083 B.
848 3031 944 3084 Eadem
976 3031 1054 3084 tectio
1082 3049 1098 3084 a
1126 3050 1146 3084 s.
1170 3049 1204 3084 m.
1233 3035 1259 3084 in
1291 3030 1327 3082 rib

311 3127 406 3171 motata
430 3127 469 3172 cst
492 3121 517 3170 m
542 3122 637 3189 ycaiar
663 3121 712 3184 (sic
738 3121 810 3171 etiam
831 3119 879 3172 tid.
899 3119 922 3172 t
940 3127 966 3172 et
984 3121 1023 3173 ed.
1045 3120 1195 3190 novena),
1225 3125 1329 3176 casaiae

313 3207 355 3259 dat
373 3208 420 3274 iiia,
440 3227 536 3278 mayoc
555 3207 602 3260 Mc.
639 3207 702 3260 Tum
721 3213 754 3264 art
772 3209 831 3278 (pro
851 3209 888 3278 ct]
905 3214 977 3280 titius
994 3211 1087 3281 iegitur
1105 3213 1130 3262 in
1148 3210 1188 3262 W.
1208 3208 1289 3262 Mabc.
1302 3205 1327 3259 B.

313 3292 353 3359 Α,
379 3295 472 3346 deinde
495 3313 563 3365 cyon
588 3297 613 3347 in
642 3295 672 3348 B.
690 3297 799 3349 ricus
824 3306 849 3349 ct
877 3298 917 3351 ed.
936 3299 1057 3352 Daventr.
1103 3299 1189 3350 Statim
1215 3316 1282 3352 auro
1308 3303 1329 3350 ct

313 3387 420 3452 arquatis
439 3401 470 3436 ac
489 3393 562 3440 aucte
579 3383 674 3436 habent
693 3385 751 3437 cdd.
770 3383 861 3438 Manui.
884 3395 1038 3456 ceteraeque
1065 3387 1237 3451 recentiores,
1264 3399 1327 3438 auro

314 3479 337 3524 ct
349 3481 421 3525 occtc
433 3457 508 3521 ithcc
527 3480 552 3522 et
566 3469 597 3538 B,
617 3475 676 3523 item
690 3472 748 3524 edd.
761 3472 903 3526 Minuciano
917 3476 1073 3543 antiquiores
1086 3491 1109 3525 c.
1122 3472 1219 3525 Marcii.
1250 3470 1328 3522 Vocc.

314 3566 420 3627 arqcrrto
439 3575 471 3611 oc
487 3574 519 3610 ex
537 3573 587 3610 uno
606 3557 670 3609 libro
688 3557 742 3610 Ital.
761 3568 897 3626 notantur,
918 3569 1075 3630 quapropter
1093 3577 1123 3613 ea
1144 3560 1254 3612 delenda
1274 3571 1328 3609 esse

314 3659 364 3696 non
392 3644 519 3709 ductori,
546 3647 685 3713 respiciens
710 3645 793 3698 Nostri
820 3647 881 3699 iliud
908 3649 1003 3701 dictum
1032 3645 1108 3715 (Cap.
1127 3647 1219 3713 XVI.):
1252 3649 1327 3701 Viaca

314 3740 415 3787 acetum
428 3759 458 3770 ·-
474 3735 551 3786 circeo
569 3751 673 3786 aurum.
710 3731 804 3786 Contra
816 3735 848 3785 W
862 3743 888 3786 et
899 3735 938 3787 Mn
957 3736 1068 3788 scribunt
1087 3753 1152 3789 auro
1171 3745 1195 3788 ct
1214 3741 1326 3804 arquato,

315 3834 388 3872 voco.
408 3837 439 3872 ac
456 3829 529 3874 ceste
548 3821 653 3872 omissis.
691 3818 752 3872 Tum
778 3826 902 3892 operitur
926 3840 973 3892 pro
1001 3827 1094 3892 opibus
1111 3819 1152 3888 Α,
1177 3837 1285 3890 moxque
1313 3835 1328 3870 a

315 3909 419 3961 domino
444 3922 491 3974 pro
510 3926 526 3961 a
543 3910 589 3961 too
608 3907 666 3973 tto,
695 3916 746 3960 tres
763 3908 817 3962 itai.
838 3917 863 3962 et
883 3911 941 3962 eud.
961 3909 1110 3962 Graviannm
1138 3910 1326 3962 antecedentes.

315 3992 416 4062 Deinde
435 3993 502 4048 male
523 3997 629 4053 tottam
647 3994 750 4063 Enim,
775 4000 886 4062 diuitias
911 4005 1028 4066 quattuor
1053 3995 1128 4052 codd.
1145 3996 1274 4054 Baloniaoi
1299 3999 1325 4048 ct
