2874 4806
563 473 625 541 149

86 629 226 715 inpudica
249 630 328 697 circa
350 631 486 698 hominos
510 640 540 698 et
561 634 676 700 incesta
698 634 773 700 iacis
788 635 1025 700 lenocinantibus
1040 655 1101 702 non

86 747 149 826 sis,
184 749 331 829 corruptis
363 749 541 831 violatisque
573 767 650 830 quae
680 748 730 813 dei
756 757 824 814 sunt
853 751 940 834 peior
970 727 1103 816 adultera

86 863 239 928 detineris.
292 862 379 938 Quod
412 864 512 928 ornari
532 871 575 926 te
607 871 712 946 putas,
745 865 823 946 quod
857 872 942 947 putas
972 866 1049 928 corni
1065 859 1103 945 ⁸),

86 978 262 1062 Inpugnatio
286 984 333 1041 est
353 979 409 1042 isto
432 978 523 1042 divini
553 981 670 1060 operis,
698 980 915 1062 praevaricatio
944 986 990 1042 est
1018 981 1105 1043 veri·-

60 1091 165 1154 statis.
203 1090 350 1154 Morientis
367 1090 494 1172 apostoli
517 1107 579 1153 vox
602 1086 700 1166 est⁹):
725 1091 907 1172 Ecparpate
928 1101 1016 1157 oetas
1036 1089 1104 1175 fer-

85 1211 238 1283 mentum,
261 1213 296 1268 ut
315 1206 385 1268 sitis
407 1223 488 1270 noca
509 1207 694 1287 consparsio
712 1202 771 1286 ¹⁰),
798 1209 879 1270 sicat
900 1208 973 1271 estis
996 1209 1105 1290 azymi.

77 1317 168 1380 'Nam
190 1313 415 1395 estimato
437 1323 574 1380 nostram
596 1317 768 1382 immolatus
790 1327 835 1382 est
852 1319 1000 1384 Christus.
1037 1321 1106 1384 Ito-

86 1451 148 1514 que
161 1427 201 1508 12)
225 1433 308 1512 festa
329 1429 514 1494 celebremus
536 1451 600 1495 non
621 1434 655 1494 in
683 1432 835 1511 fermento
864 1436 979 1514 ceteri,
1010 1455 1108 1517 neque
1193 1414 1203 1434 ’

87 1546 125 1606 in
146 1544 295 1623 fermento
319 1544 455 1607 malitiae
485 1551 515 1607 et
541 1545 714 1626 nequitiae,
745 1548 802 1608 sed
831 1548 865 1609 in
896 1551 1013 1630 azymis
1040 1551 1107 1612 sin-

51 1674 75 1718 uo
89 1659 232 1724 cecitatis
255 1668 285 1722 et
304 1660 454 1723 veritatis.

482 1815 487 1826 ’
551 1855 647 1924 xn1.

177 2001 253 2066 Num
275 2000 431 2065 sinceritas
454 2005 632 2082 perseverat
649 1999 674 2077 ¹)
703 2007 731 2063 ct
753 2003 864 2066 veritas
888 2002 1007 2083 quando
1031 2023 1109 2086 quae

161 2283 190 2349 8)
209 2280 258 2334 Pro
277 2285 345 2352 quoti
360 2289 441 2351 putas
455 2279 556 2334 eomiA
570 2290 594 2335 et
612 2285 687 2335 comi.
718 2281 818 2334 Deinde
837 2286 928 2336 divina
945 2287 1000 2337 ista
1020 2288 1109 2354 operis

90 2375 139 2427 Mc.
176 2371 205 2437 9)
224 2368 322 2422 Desunt
339 2369 405 2420 haec
422 2370 448 2420 in
460 2367 492 2419 W
505 2377 530 2420 et
542 2368 593 2434 uta,
610 2387 667 2422 accc
685 2373 801 2438 apostati
819 2380 859 2422 est
876 2389 933 2424 accc
951 2371 1013 2438 (sic)
1032 2371 1111 2424 habet

89 2464 122 2516 Α.
150 2459 205 2512 Vid.
218 2458 240 2511 1.
255 2455 312 2508 Cor.
326 2457 351 2522 5,
364 2455 440 2509 7-8,
478 2455 522 2520 10)
544 2456 580 2508 Ita
592 2456 652 2508 Ver.
665 2455 704 2508 W.
718 2455 783 2508 Mab.
802 2455 843 2510 Fr.
863 2456 943 2510 Ernrn.
959 2459 984 2511 1.
1004 2466 1029 2510 et
1049 2459 1109 2511 cod.

90 2549 260 2611 claromont,
289 2548 445 2612 conspersio
472 2543 527 2596 rell.
554 2543 613 2596 libri
641 2546 729 2611 scripti
757 2553 783 2594 et
811 2545 881 2597 editi.
931 2545 997 2597 Dein
1023 2550 1111 2600 ‚aienti

90 2639 176 2690 azimi
188 2632 216 2685 B.
236 2635 314 2698 (asiis
335 2631 366 2682 ab
385 2630 416 2681 aI.
431 2647 464 2682 m.
485 2631 682 2706 superscriptum
701 2633 725 2680 In
738 2629 802 2697 uto),
821 2635 888 2684 estis
907 2650 1003 2701 asporta
1015 2629 1108 2699 Neap,

88 2732 128 2776 est
147 2739 243 2790 asyma
261 2718 333 2781 Ver„
359 2735 455 2786 azyma
474 2719 549 2768 etiam
569 2716 718 2781 Beneuent,
738 2722 822 2771 asiani
839 2717 878 2770 W.
899 2717 1004 2782 IIabcd,
1031 2726 1058 2768 ut
1076 2717 1107 2782 B,

89 2807 219 2862 casimiri.
257 2805 300 2870 11)
320 2807 427 2859 Etenim
444 2804 578 2874 Angustia.
597 2808 623 2856 in
645 2807 685 2856 ed.
704 2801 798 2872 Maur,
823 2826 884 2858 raam
909 2809 963 2858 sine
990 2818 1013 2861 et
1032 2807 1107 2861 codd.

88 2895 197 2964 Frising.
216 2891 366 2960 WIndberg.
385 2892 464 2946 Palat.
501 2893 563 2944 Tum
580 2911 665 2963 pasca
684 2893 724 2945 Md
744 2902 769 2946 et
786 2910 824 2962 pr.
843 2894 890 2945 Mc.
936 2891 1046 2955 Quorum
1065 2894 1107 2946 hIc

89 3056 209 3123 deinceps
234 3063 274 3108 est
301 3056 460 3108 immolatus.
508 3051 553 3120 12)
580 3000 625 3106 i8tn
649 3051 678 3119 (s
703 3069 717 3103 a
742 3069 761 3103 r.
784 3068 816 3103 rn.
840 3068 914 3119 supra
942 3051 1032 3115 addit.)
1057 3050 1106 3102 uta.

88 3142 147 3193 Ion
171 3144 253 3194 ueteri
276 3139 316 3192 W.
343 3139 440 3191 Mabcd.
465 3138 485 3192 Β
511 3148 537 3191 ct
560 3142 736 3209 Augustin.
762 3139 778 3190 I.
805 3157 842 3204 c.,
872 3141 930 3190 itern
961 3139 1017 3192 edd.
1046 3147 1106 3190 ante

88 3229 197 3295 Manut,
224 3239 309 3284 vetere
327 3226 348 3279 Α
369 3237 395 3279 et
419 3227 477 3280 edd.
503 3229 596 3280 Manut.
622 3237 776 3297 ceteraeque
801 3231 973 3290 recentiores,
1000 3235 1105 3294 excepta

87 3317 184 3368 IIorcII.
227 3315 309 3368 Verba
336 3320 433 3384 ueteri,
464 3335 544 3386 noeque
561 3320 589 3370 in
607 3322 737 3391 fermenta
753 3316 843 3379 desunt
862 3316 887 3365 in
906 3313 948 3364 Fr.
968 3313 1050 3366 Ennrn.
1071 3314 1127 3388 1.,⁸

87 3423 169 3474 neque
192 3409 220 3459 in
243 3409 318 3476 [erm.
346 3405 370 3456 in
396 3403 501 3472 August.
529 3404 587 3456 cod.
610 3403 690 3456 Palat.
731 3402 779 3453 Pro
803 3421 884 3472 nepae
904 3401 943 3452 uto
969 3401 1056 3452 scribit
1074 3410 1106 3454 et.

88 3491 150 3545 Turn
170 3502 193 3546 et
205 3497 233 3546 iu
245 3495 364 3562 nequicie
375 3494 406 3543 Α.
438 3491 503 3542 Dein
517 3495 626 3557 azimis,
647 3500 772 3559 utsupra,
792 3491 830 3544 W.
846 3490 946 3554 IIabcd,
966 3493 1062 3544 asimis
1074 3487 1105 3540 Α.

157 3581 220 3633 XIII.
249 3579 276 3642 1)
303 3584 379 3636 Nunc
406 3613 437 3622 -
464 3590 616 3650 perseveret
641 3579 698 3644 tto,
727 3589 879 3649 perseueret
901 3594 938 3646 pr.
964 3579 1039 3628 etiarn
1065 3575 1104 3626 W.

88 3669 149 3722 Turn
169 3679 192 3723 et
213 3671 332 3722 colorum
349 3667 405 3720 Vat.
426 3667 449 3720 1.
492 3667 554 3720 Itcrn
580 3667 750 3737 augustin.
778 3697 809 3707 -
834 3670 952 3720 colorans
976 3675 999 3718 et
1023 3667 1103 3718 arini-

128 3779 139 3810 1

88 3838 126 3882 ter
134 3832 161 3882 is
180 3827 203 3896 (i
221 3826 252 3878 ab
272 3843 291 3880 r.
310 3843 344 3879 ru.
362 3825 512 3894 cupersan),
531 3829 666 3880 medicam.
680 3826 728 3891 IIc,
748 3828 866 3880 colorum
880 3826 1019 3886 adniteris,
1038 3824 1103 3874 med.

87 3915 126 3968 na
144 3923 171 3969 et
188 3931 226 3984 pr.
244 3913 301 3982 W.,
313 3931 430 3983 ·quorum
449 3913 490 3965 hic
508 3929 539 3966 ex
558 3923 617 3966 mut.
637 3917 686 3968 cot.
707 3916 861 3980 adulteriis,
890 3913 972 3977 mori.,·
993 3909 1033 3960 Md
1053 3911 1102 3962 cot.

599 4022 628 4057 na

88 4079 229 4132 adulteriis
246 4079 330 4146 mest.,·
349 4074 391 4128 tto
415 4078 464 4130 col.
483 4060 638 4144 sciscitaris,¹
660 4077 725 4128 mesi.
747 4073 787 4139 (ni
810 4070 842 4124 ab
861 4087 880 4123 r.
900 4086 931 4121 nn
952 4069 1102 4138 cupersan),
1135 4139 1138 4148 Ι
