2872 4806
785 411 829 477 32

299 575 386 650 nant,
408 587 469 633 non
486 569 543 632 erit
564 569 613 633 ilta
635 569 705 632 fidei
727 589 844 661 corona
852 617 862 648 ,
883 569 938 634 sed
959 587 1059 652 poena
1083 569 1237 653 perfidiae,
1259 587 1318 636 nec

299 686 461 768 religiosae
484 685 599 748 vlrtutis
623 687 723 748 exitus
746 685 916 767 glorIosus,
948 685 1004 748 sed
1026 684 1245 768 desperationis
1267 686 1319 748 in·

300 800 414 862 teritus.
458 795 562 860 Occidi
584 796 649 859 taIIs
672 803 788 877 potest,
811 798 950 860 coronari
973 815 1034 862 non
1057 805 1165 878 potest.

761 994 857 1062 xru.
972 971 976 980 “

389 1137 438 1201 Sie
466 1135 540 1219 εει)
572 1136 769 1200 Christianum
799 1157 870 1200 esse
902 1137 1072 1220 profitetur,
1112 1138 1262 1219 quomodo
1291 1143 1323 1199 et

274 1267 288 1309 s
303 1250 449 1314 Christum
472 1250 606 1314 diabolus
621 1231 714 1332 saepe
729 1253 869 1314 mentitur
883 1255 949 1335 ipso
965 1251 1086 1314 domino
1107 1257 1322 1331 praemonente

303 1370 334 1426 et
349 1359 523 1446 dicente²):
547 1363 637 1426 Multi
659 1365 781 1426 uenient
796 1366 829 1427 tn
851 1365 973 1428 nomine
994 1383 1060 1426 mco
1082 1364 1234 1426 dicentes:
1255 1364 1322 1445 Epo
1402 1339 1407 1347 ’

302 1497 369 1540 sum
401 1473 558 1550 armins,
593 1481 622 1535 et
653 1476 764 1537 multos
793 1476 906 1556 satient
914 1473 951 1552 ³).
996 1477 1077 1540 Sicut
1110 1475 1159 1538 iIIe
1189 1476 1323 1538 Christus

303 1612 364 1656 non
388 1599 451 1670 est,
473 1590 610 1672 quamvis
634 1579 713 1652 sallat
737 1592 766 1652 in
790 1588 972 1674 nomine⁴),
993 1593 1034 1652 ita
1057 1611 1114 1652 nec
1136 1589 1322 1652 Christianus

304 1706 399 1770 videri
421 1712 520 1787 potest
543 1705 593 1785 qui
621 1724 681 1768 non
704 1711 857 1784 permanet
880 1706 910 1768 in
933 1706 1084 1788 evangelii
1113 1705 1179 1768 eius
1202 1711 1232 1766 et
1255 1705 1324 1768 fidei

266 1822 439 1889 roveritate.
483 1821 556 1882 Nam
587 1817 657 1902 et⁵)
681 1820 879 1901 prophetare,
908 1825 939 1880 et
961 1818 1117 1882 daemonia
1147 1819 1323 1899 excludere,

305 1941 335 1998 et
349 1935 475 1997 virtutes
498 1953 621 2016 magnas
646 1934 673 1995 In
691 1934 781 1996 terris
805 1934 905 1995 Iacere
929 1935 1064 1996 sublimis
1088 1935 1191 2014 utique
1214 1940 1245 1996 et
1267 1934 1323 1996 ad-

304 2047 445 2110 mirahIIIs
467 2065 516 2109 res
539 2053 601 2122 est;
625 2066 686 2110 non
709 2054 807 2109 tameo
831 2065 958 2130 regnum
981 2048 1112 2110 caeleste
1128 2049 1323 2128 consequitur

305 2157 480 2244 quisquIs⁶)
508 2163 537 2225 in
567 2161 612 2223 his
642 2161 778 2224 omnihus
802 2161 969 2240 invenitur,
1001 2161 1059 2223 nisi
1089 2163 1164 2224 recti
1194 2168 1225 2223 et
1255 2162 1324 2224 iusti

305 2278 419 2340 itineris
450 2276 660 2339 observatione
686 2275 851 2368 gradimur.
897 2270 1097 2358 Denuntiat⁷)
1128 2275 1266 2338 dominus
1297 2281 1326 2336 et

268 2417 292 2461 15
307 2391 390 2456 dicit:
414 2391 503 2453 Multi
526 2389 598 2450 mihi
620 2379 766 2470 dicent⁸j
790 2389 823 2448 iu
845 2389 900 2449 itta
923 2388 990 2450 dte:
1024 2390 1171 2466 Domine,
1195 2391 1325 2468 doque,
1425 2421 1426 2472 p

306 2499 449 2588 nouuc⁹)
472 2505 506 2564 iu
528 2511 580 2564 tuo
603 2502 724 2562 comice
742 2501 1010 2580 prophetavimus,
1033 2511 1063 2564 et
1077 2505 1111 2564 iu
1134 2511 1187 2566 tuo
1202 2505 1338 2582 minine

313 2658 486 2668 μ-ρ-
494 2659 520 2664 -

378 2729 444 2783 xnt.
470 2729 500 2794 1)
519 2733 556 2800 Sp
577 2732 620 2783 aie
639 2729 687 2780 Mc.
723 2728 784 2780 Tum
809 2738 832 2783 at
856 2732 982 2798 quomodo
1001 2732 1139 2784 Christum
1162 2729 1229 2780 idem
1255 2727 1327 2779 liber.

307 2819 424 2874 Proxime
450 2821 575 2872 mentitur
600 2826 623 2870 et
648 2821 717 2871 dicut
744 2820 848 2870 domiuo
874 2835 971 2886 praem.
991 2816 1022 2868 Α.
1068 2817 1097 2884 2)
1123 2816 1198 2868 hiare.
1226 2815 1274 2880 13,
1303 2815 1328 2866 6.

307 2909 337 2977 3)
355 2911 453 2962 multoe
476 2909 603 2960 seducent
621 2905 685 2958 th.
722 2907 752 2974 4)
776 2910 804 2958 in
822 2910 925 2959 houutrtc
944 2903 990 2956 Bb.
1033 2906 1098 2961 Voci
1120 2909 1224 2959 nomines
1245 2906 1328 2957 subii·
1425 2915 1426 2948 ῑ

309 2999 377 3049 ciunt
395 2998 473 3048 tutius
491 2994 548 3045 cod.
567 2993 608 3045 Md
627 3003 653 3046 et
676 2995 829 3061 exemplaria
854 3003 914 3045 ante
934 2992 1021 3045 BaInz.
1040 2996 1107 3060 typis
1126 2995 1260 3060 exscripta.
1297 2995 1330 3044 At

310 3082 384 3136 codd.
398 3081 457 3133 Ver.
470 3079 611 3134 Benevent.
623 3081 663 3133 W.
683 3081 736 3134 rell.
757 3081 872 3132 Menace.
894 3081 944 3132 duo
958 3080 1039 3149 Neap.
1058 3079 1156 3134 Bahh
1175 3090 1201 3132 et
1219 3083 1330 3150 quinque

310 3170 390 3224 Oxou.
411 3185 460 3220 una
485 3184 542 3219 cunr
561 3168 712 3220 Pometiants
736 3168 943 3237 glossemationrn
961 3169 1027 3220 istud
1039 3169 1242 3221 odditamentuna
1260 3178 1331 3221 recte
1425 3221 1426 3226 ,

310 3260 434 3311 omittunt.
470 3257 536 3308 Dein
556 3268 579 3312 et
599 3263 647 3326 pro
663 3277 711 3312 noc
729 3273 864 3326 perperam
884 3257 961 3310 hahet
978 3258 1001 3310 Α
1020 3268 1046 3311 et
1065 3265 1123 3327 post
1146 3259 1270 3312 orechter.
1289 3263 1331 3313 in-

310 3346 361 3398 Iert
378 3349 430 3399 hic.
466 3345 495 3414 5)
515 3355 539 3399 ot
557 3346 630 3398 deest
649 3349 673 3398 in
691 3343 740 3397 IIh.
778 3347 807 3414 6)
827 3345 936 3418 pariaque
947 3346 987 3401 W.
1007 3347 1104 3400 htahcd.
1123 3345 1170 3398 Bb.
1189 3351 1212 3398 A
1230 3365 1252 3400 c.
1272 3348 1332 3400 edd.

311 3433 356 3486 st’.
374 3433 464 3486 Venet.
484 3436 507 3484 1.
526 3433 647 3485 Deventr.
667 3442 694 3485 et
717 3433 814 3485 Moretl.
840 3434 966 3503 frequenti
990 3436 1184 3503 permutatione.
1222 3436 1278 3488 Vid.
1299 3438 1333 3488 ad

312 3521 373 3590 Cap.
386 3522 417 3574 V.
430 3539 455 3574 n.
470 3523 485 3572 5
501 3530 526 3574 et
541 3522 580 3572 10.
611 3522 653 3573 Mb
667 3523 737 3573 addit
750 3527 827 3587 euim,
848 3532 942 3590 puncto
961 3533 1020 3575 autc
1039 3528 1149 3594 putoque
1167 3523 1332 3592 distinguens.
1425 3533 1426 3552 ³

312 3611 375 3663 Tum
392 3612 462 3678 tuip‘a,
486 3619 514 3661 ut
537 3610 603 3662 solet
625 3610 648 3662 A
674 3613 786 3679 itemque
808 3611 849 3662 ed.
869 3609 1007 3678 Daventr.,
1032 3616 1070 3665 iic
1089 3611 1134 3663 SP.
1154 3599 1250 3663 Vener
1265 3611 1287 3664 1.
1298 3613 1333 3676 ¹2.

1227 3693 1243 3724 a

313 3735 403 3788 Remb.
422 3735 519 3788 Erusm.
555 3734 614 3788 Ion
640 3738 836 3789 oiaoronta'ouia
860 3739 905 3789 cia
923 3734 969 3786 Bb.
1008 3734 1136 3803 DeInceps
1159 3739 1282 3804 proditur
1301 3751 1334 3786 ex

314 3839 364 3874 om.
383 3838 404 3874 r.
422 3839 456 3874 m.
475 3821 523 3888 Mc,
542 3825 698 3894 predicatur
715 3820 760 3873 Ba.
797 3822 827 3890 7)
846 3826 993 3876 Deuunciut
1010 3839 1110 3891 puopue
1128 3837 1165 3889 pr.
1185 3823 1234 3874 Itth.
1267 3821 1333 3874 Pro-

313 3910 382 3960 xime
407 3912 477 3964 da'cat
495 3909 525 3962 Α.
562 3908 681 3988 Ceterum
704 3909 755 3960 uid.
776 3909 860 3961 Mutth.
880 3909 913 3976 7,
940 3910 983 3960 22.
1019 3907 1048 3976 8)
1072 3912 1160 3963 diverti
1183 3913 1249 3964 mihi
1274 3909 1332 3961 edd.

316 4003 374 4048 ante
387 3995 478 4047 Manut.
498 4011 586 4048 onmes
604 4013 627 4049 c.
645 3995 743 4048 norell.
773 3996 834 4049 Tum
853 4001 881 4052 in
899 4002 947 4051 itta
965 4000 1008 4052 dic
1025 3996 1076 4048 Mb.
1111 3996 1140 4061 9)
1159 3996 1241 4051 Ahest
1259 4013 1273 4048 a
1288 3996 1332 4051 Ito.
