2872 4806
587 441 626 506 51

100 599 235 682 lispoom
257 604 340 662 tumn
362 617 383 662 a
404 599 488 664 molo
511 607 542 662 et
564 600 649 664 lodie
676 608 746 678 teo,
779 620 818 663 oe
850 601 1015 683 loquantur
1038 607 1118 672 insi·

101 715 183 778 diosc
196 710 231 790 ³).
270 715 404 778 Declino
415 710 444 793 ⁴)
466 715 583 778 amolo
600 723 630 777 et
648 715 704 796 soc
726 715 849 794 bonum,
874 737 990 799 quaere
1009 739 1121 800 pacem

101 835 130 890 et
149 847 278 909 sequere
301 846 377 889 eom.
423 827 530 888 Pacem
554 845 702 908 quaerere
726 827 816 891 debet
834 825 861 906 ⁵)
885 835 916 891 et
937 833 1023 914 sequi
1044 832 1121 896 silius

100 943 192 1024 pacis,
214 960 232 1004 a
255 941 453 1006 dissensionis
476 940 554 1004 malo
579 942 738 1005 continere
759 936 902 1027 linlguam
924 963 1007 1008 suam
1033 947 1174 1010 debetne

75 1057 151 1137 iqui
174 1056 258 1120 novit
280 1063 312 1118 et
334 1055 429 1138 diligit
451 1055 603 1119 vinculum
627 1057 756 1118 conlutis
774 1052 810 1134 ⁶).
850 1057 931 1122 Inter
946 1077 1000 1123 sua
1024 1061 1122 1126 divina

101 1170 237 1234 mandata
251 1164 277 1247 ⁷)
300 1175 330 1232 et
351 1170 524 1253 magisteria
548 1169 690 1233 salutaria
718 1172 852 1252 passioni
881 1175 939 1234 iam
969 1175 1124 1255 proximus

102 1283 238 1348 dominus
261 1283 372 1347 addidit
395 1279 553 1363 dioens⁸):
577 1285 688 1346 Pacem
711 1285 831 1349 dimitto
852 1285 943 1350 codis
957 1263 994 1365 9),
1015 1307 1126 1366 paoem

71 1391 77 1402 '
102 1417 198 1460 mecon
223 1398 265 1462 do
286 1397 386 1462 codis.
432 1397 515 1461 llonc
546 1399 633 1460 nohis
656 1397 853 1462 hereditatem
870 1395 907 1478 ¹⁰)
931 1400 1022 1480 dedit,
1047 1403 1125 1468 dona

104 1513 200 1576 onmia
221 1530 296 1576 suae
311 1513 531 1594 pollicitationis
548 1518 579 1575 et
595 1513 727 1594 praemia
743 1513 774 1576 in
789 1515 871 1595 pacis
889 1515 1125 1578 conservatione

68 1626 302 1709 ¹0prornisit¹¹).
347 1626 378 1692 Si
408 1627 577 1691 coheredes
608 1626 717 1690 Christi
734 1623 776 1705 η)
808 1645 927 1707 sumus,
960 1629 991 1694 in
1019 1627 1128 1691 Christi

104 1781 167 1834 Tum
185 1787 267 1837 tonos
286 1781 329 1832 det
346 1778 385 1832 Bb
405 1798 427 1834 c.
446 1780 496 1833 lld.
533 1781 562 1846 3)
582 1781 749 1850 loquuturi..
785 1781 854 1834 ldem
874 1791 901 1835 et
913 1782 953 1834 llb
973 1786 1062 1837 dotum
1080 1799 1128 1853 pro

104 1870 243 1932 insidiose,
261 1867 317 1920 cod.
332 1865 542 1934 Compendiensis
556 1873 659 1920 notante
672 1868 776 1919 Belurio
792 1873 889 1934 dolose,
909 1859 1028 1938 quattuor
1041 1870 1082 1922 elii
1099 1869 1130 1922 ab

106 1971 137 2006 eo
145 1954 230 2008 collati
237 1957 336 2020 dolum,
343 1950 516 2022 Burgundicu
524 1957 699 2023 iniquitatem,
710 1953 839 2023 Eligianus
845 1960 1018 2010 ntendaeium.
1038 1957 1068 2024 4)
1075 1960 1130 2010 lie·

105 2054 177 2096 certe
194 2058 210 2095 a
227 2058 259 2093 m.
277 2057 326 2109 pn,
344 2057 359 2092 ιι
378 2056 430 2094 sec.
443 2044 544 2094 diserte
556 2040 605 2092 Mb.
637 2039 696 2092 lllox
713 2045 818 2112 inquire
835 2060 928 2113 pacem
946 2043 980 2094 id.
994 2043 1037 2095 lib.
1050 2059 1073 2094 c.
1085 2041 1132 2094 Bb.

105 2128 172 2180 Dein
191 2146 351 2198 consequere
368 2127 432 2179 Ver.
474 2127 503 2193 5)
522 2131 593 2181 dedet
618 2143 667 2180 om.
689 2127 736 2180 tte.
781 2129 810 2194 6)
829 2131 967 2183 vinculum
989 2134 1068 2199 pacis
1086 2129 1132 2181 Bb.

106 2217 134 2285 t]
153 2209 276 2282 „Rectids
293 2216 318 2267 in
338 2215 494 2266 Veronensi:
512 2217 586 2268 letter
603 2233 657 2269 sea
674 2217 783 2285 deniqne
801 2218 949 2270 mandato.“
986 2219 1132 2286 Ripattius.

106 2333 137 2342 —
158 2301 222 2354 'l'nrn
245 2306 386 2374 passionis
412 2301 451 2354 lla
479 2311 506 2354 et
532 2318 569 2371 pr.
590 2300 639 2354 llb.
676 2301 705 2368 8)
727 2302 945 2368 loann.14‚27.
983 2303 1011 2368 9)
1036 2306 1134 2357 Pacem

105 2409 190 2446 meam
209 2389 254 2442 Ba.
290 2389 356 2442 Dein
382 2393 459 2444 vohis
484 2392 585 2443 dimitto
612 2389 685 2441 codd.
705 2392 783 2441 nostri
803 2389 944 2441 Germanici
971 2405 1073 2453 omnes3
1101 2389 1133 2440 de

105 2479 200 2532 ltsllcis
218 2478 316 2530 siletur.
355 2477 383 2528 ln
403 2479 494 2529 testim.
515 2476 573 2528 adv.
593 2475 858 2543 1ιιι1.111.3.ρ.304,
878 2477 921 2528 ubi
938 2477 1007 2546 vulg.
1027 2477 1134 2544 legitur:

106 2571 185 2622 vodis
196 2569 308 2633 remitto,
332 2563 395 2616 Cot.
409 2563 449 2615 W.
463 2562 555 2615 habet:
575 2566 672 2617 Pacem
683 2581 768 2617 ntedm
781 2569 856 2618 vodis
873 2568 982 2618 dimitto.
1020 2563 1064 2630 10)
1078 2563 1135 2614 nd-

108 2654 143 2706 dit
162 2653 203 2706 ed.
222 2652 315 2704 llanut.
336 2655 464 2706 Christos
491 2651 575 2702 invitis
603 2651 678 2702 codd.
698 2653 806 2718 nostris,
834 2651 979 2703 Baluzinnis
1009 2659 1034 2702 et
1054 2650 1135 2720 Neap.

107 2749 184 2809 atque
201 2738 258 2798 llut.
278 2736 403 2801 omnibus,
422 2739 481 2788 item
499 2744 561 2787 vett.
582 2736 663 2788 editis.
700 2737 767 2789 Part.
787 2747 811 2791 et
829 2747 887 2789 ante
913 2742 1033 2808 proemio
1062 2754 1083 2790 r.
1103 2753 1136 2789 m.

107 2826 287 2895 superscripsit
317 2825 343 2876 in
372 2823 423 2876 llh.
482 2824 526 2887 11)
560 2829 741 2894 promissione
775 2830 976 2880 correeruatione
1007 2829 1135 2897 promisit

107 2915 145 2978 A,
172 2915 373 2967 conversations
403 2909 450 2963 llo.
501 2910 545 2975 12)
576 2910 688 2962 Adnotut
718 2915 868 2966 dolosius:
905 2909 1063 2978 „Fatendum
1096 2921 1136 2964 est

107 3001 232 3052 maiorem
251 3007 367 3050 rotonum
392 2997 515 3049 librorum
541 3004 640 3064 partem
669 2997 764 3048 habere
792 2997 942 3064 simpliciter
969 3002 1078 3052 heredes
1111 3006 1138 3049 et

109 3085 259 3151 lectionem,
279 3102 353 3156 quum
372 3102 421 3154 ego
440 3087 551 3149 retineo,
572 3094 672 3136 exstare
691 3086 716 3135 in
734 3093 833 3152 septem
853 3093 949 3136 tantum
969 3093 995 3137 et
1012 3088 1037 3137 in
1057 3092 1137 3137 vetu-

70 3178 78 3187 '
110 3179 156 3231 stis
176 3174 350 3239 editionibus,
369 3174 435 3225 inter
453 3190 515 3242 quas
533 3188 601 3242 pono
621 3171 801 3224 llorellianam.
839 3170 958 3234 Quamvis
977 3189 1038 3226 vero
1057 3175 1138 3225 maior
1180 3169 1183 3174 ’

110 3274 229 3317 vetorum
247 3263 367 3314 librorum
386 3278 444 3329 pars
463 3261 556 3314 hebeat
573 3265 690 3325 heredes,
710 3274 759 3328 ego
774 3260 848 3312 aliam
861 3259 997 3311 lectionem
1010 3260 1139 3330 praefero,

113 3355 174 3422 quia
193 3353 219 3403 in
238 3351 321 3418 capite
340 3359 432 3402 octavo
451 3349 574 3418 epistolae
592 3347 663 3401 Pauli
682 3348 714 3399 ad
732 3347 881 3414 Romanos,
909 3363 941 3399 ex
959 3365 1009 3417 qua
1026 3356 1139 3414 sumptus

113 3452 154 3496 est
173 3443 216 3494 hic
234 3441 315 3506 locus,
334 3439 438 3508 legitur:
463 3442 496 3492 st
519 3447 606 3492 sotem
627 3439 679 3506 filii
702 3446 727 3490 et
749 3439 873 3501 heredes,
900 3438 1008 3490 heredes
1034 3438 1140 3504 quidem

112 3535 164 3597 det,
184 3531 323 3584 coheredes
341 3537 427 3582 autern
447 3529 558 3582 Christi.
591 3525 632 3576 sic
651 3527 725 3576 etiarn
744 3523 853 3576 refertur
870 3523 910 3574 hic
928 3523 999 3574 locus
1012 3523 1084 3589 epist.
1098 3521 1139 3574 56.

111 3635 138 3688 p.
157 3619 193 3670 90
210 3626 238 3670 et
255 3618 329 3685 epist.
347 3616 390 3668 81.
415 3633 440 3685 p.
466 3615 516 3665 164
543 3622 569 3666 et
592 3612 755 3686 in,epistola
780 3613 812 3663 ad
838 3609 1003 3662 Fortunatam
1032 3608 1063 3660 de
1092 3624 1140 3660 ex·

112 3707 262 3758 hortatione
291 3705 407 3771 martyrii
438 3719 493 3770 cup.
521 3703 545 3754 2.
575 3701 665 3770 [immo
696 3700 736 3768 8.]
765 3709 790 3752 et
819 3699 862 3751 lib.
889 3698 913 3750 3.
941 3697 1140 3749 testimoniorum

18 3811 19 3814 ’
116 3811 173 3862 cap.
195 3792 254 3844 lli.u
290 3793 436 3845 coheredes
456 3787 550 3840 habeut
568 3795 621 3838 tres
638 3787 720 3855 Neap.
740 3785 781 3836 Md
801 3793 826 3837 et
846 3801 861 3837 e
880 3801 944 3837 corr.
962 3783 1015 3850 lllb,
1038 3787 1142 3838 heredes

116 3880 160 3934 W.
179 3879 244 3932 Mac.
263 3878 325 3931 Bab.
345 3877 367 3929 h
385 3885 411 3929 et
428 3893 466 3946 pr.
486 3875 535 3928 tlh.
572 3873 635 3926 Tum
658 3879 688 3928 irs
710 3891 774 3944 pace
794 3877 897 3928 Christi
921 3889 1076 3926 moneamus
1095 3870 1142 3936 Bb,

118 3973 149 4024 ire
168 3973 229 4026 Otr.
249 3988 275 4039 p.
295 3965 436 4022 inmemor*
457 3964 496 4030 Α,
521 3969 550 4020 in
569 3967 631 4019 chr.
649 3979 743 4033 pacem
768 3967 893 4016 adeamus
913 3958 1076 4012 corbeiensis
1100 3974 1142 4028 ap.

119 4056 215 4127 uigor.

881 4115 936 4182 411
