2874 4806
786 435 858 506 94·

300 601 366 660 tere
387 595 461 660 iram
484 597 533 661 dei
555 595 672 676 nititur;
702 597 730 660 ei
753 599 892 678 minaris,
923 599 974 680 qui
995 617 1051 682 pro
1074 603 1104 662 te
1127 597 1238 664 domini
1259 599 1319 662 mi-

300 710 495 775 sericordiam
517 711 705 793 deprecatur,
729 713 780 794 qui
802 714 910 776 vulnus
933 718 1014 777 tuum
1037 715 1135 794 sentit,
1160 715 1238 797 quod
1255 715 1320 797 ipse

300 826 489 906 consentis,
514 828 564 909 qui
586 844 642 909 pro
665 833 694 890 te
716 826 852 891 lacrimas
876 827 987 909 fundit,
1011 833 1084 912 quas
1109 829 1233 894 lursitan
1256 829 1322 911 ipse

300 955 362 1003 uun
392 939 501 1004 lundis.
565 937 683 1005 Oneras
706 933 731 1017 τ)
766 939 862 1003 adlruc
898 942 1011 1006 crimen
1049 949 1078 1006 et
1116 933 1266 1007 cumulas'
1284 947 1323 1022 et,

276 1066 370 1116 tcum
399 1057 443 1118 sis
472 1055 537 1137 ipse
567 1053 752 1135 inplacabilis
782 1055 818 1117 ad
846 1056 992 1119 antistites
1016 1065 1046 1120 et
1069 1057 1242 1121 sacerdotes
1266 1054 1324 1136 dei,

301 1174 387 1250 putas
410 1169 490 1232 circa
513 1174 549 1264 te,
566 1167 716 1230 dominum
738 1185 831 1250 posse
854 1169 992 1251 placari?
1037 1170 1151 1254 Accipe
1172 1171 1272 1252 potius
1296 1176 1326 1231 et

302 1279 422 1343 admitte
451 1297 530 1362 quae
558 1279 707 1361 loquimur
723 1272 761 1356 Β).
815 1278 893 1354 Quid
923 1280 1033 1343 surdae
1063 1299 1152 1344 aures
1183 1283 1326 1346 salutaria

287 1401 462 1476 praecepta
492 1411 553 1457 uon
584 1391 724 1470 audiunt,
757 1408 836 1472 quae
866 1388 1088 1471 monemus⁹ll
1118 1379 1210 1469 ‘Our‘d
1241 1395 1326 1458 caeci

303 1509 384 1574 oculi
405 1508 606 1593 paenitentiae
626 1501 668 1586 ¹⁰)
698 1507 756 1570 iter
777 1523 840 1571 non
862 1507 978 1588 vident,
1008 1506 1090 1590 quud
1110 1507 1326 1582 ostendimus?

766 1700 861 1770 xix.

264 1869 291 1914 ro
391 1847 469 1924 Quid
507 1845 663 1929 praeclusa
684 1844 710 1924 ¹)
748 1851 778 1910 et
808 1845 947 1922 alielnata
980 1863 1064 1912 mens
1102 1846 1235 1912 remedia
1273 1848 1326 1912 vi·
1339 1869 1371 1916 rae

304 1963 372 2027 talia
399 1981 461 2026 non
491 1960 631 2044 percipit,
664 1979 742 2042 quae
771 1959 810 2023 de
841 1961 995 2043 scripturis
1018 1963 1198 2028 caelestibus
1222 1968 1253 2025 et
1275 1962 1326 2026 di-

304 2078 414 2140 scimus
446 2081 476 2140 et
513 2075 679 2140 docemus?
739 2073 798 2139 llut
836 2077 863 2140 si
901 2076 1062 2140 incredulis
1082 2073 1108 2156 l)
1129 2077 1328 2160 ·quibusdam

303 2193 401 2256 minor
427 2190 502 2256 fides
534 2198 582 2256 est
612 2189 795 2270 futurorum,
827 2190 877 2253 vel
907 2191 1115 2274 praesentibus
1146 2198 1326 2258 terreantur.

303 2306 384 2372 Ecce
406 2323 526 2386 eurum,
549 2306 599 2387 qui
621 2311 826 2389 negaverunt,
848 2323 924 2388 quae
947 2306 1090 2388 supplicia
1112 2307 1326 2390 conspicimus,

309 2497 515 2507 ια’-ιαμ·-

374 2603 405 2672 7)
424 2585 528 2658 Onerar‘
548 2616 581 2652 ex
606 2613 671 2652 cerr.
694 2614 715 2651 r.
734 2613 767 2651 ιιι.
786 2596 834 2652 llc.
876 2598 934 2652 ttox
958 2617 1020 2655 cum
1045 2603 1107 2656 eiu
1130 2617 1178 2671 prc
1206 2607 1332 2658 caracter

303 2692 348 2747 ua.
384 2690 445 2743 Turn
462 2691 602 2760 placabilia
620 2685 651 2740 Α.
687 2686 809 2755 Praepcs.
828 2692 862 2742 cd
885 2703 957 2740 erasa
981 2691 1007 2740 in
1025 2687 1077 2740 ltu.
1115 2688 1185 2742 Idem
1204 2690 1331 2759 deinceps

253 2839 256 2848 ,
285 2781 397 2844 ¹ecritit
421 2779 564 2832 cuculites.
600 2775 678 2828 Voce.
697 2786 722 2830 et
743 2777 899 2831 sacerdotes
924 2793 973 2830 om.
994 2776 1054 2829 edd.
1072 2784 1136 2829 vett.
1157 2794 1180 2830 c.
1198 2775 1330 2830 Rembclt.

302 2865 365 2919 Post
382 2869 535 2921 sacerdotes
553 2867 595 2920 dci
611 2862 648 2917 ua
665 2879 802 2932 perperam
820 2863 891 2916 addit
909 2867 1060 2929 irasceris,
1087 2863 1225 2934 allegitur
1242 2867 1269 2918 iu
1289 2866 1331 2918 ed.

305 2950 399 3016 Oxou.;
424 2951 484 3004 dein
509 2951 587 3004 habet
612 2953 689 3006 ὼιιιιι
708 2952 755 3016 (ite
775 2951 850 3004 ctiam
868 2950 933 3004 llbc.
951 2950 999 3004 Bb.
1017 2951 1062 3020 Α.)
1081 2954 1156 3006 circe
1173 2963 1205 3006 te.
1223 2988 1226 2994 .
1242 2951 1334 3006 Statim

306 3043 357 3096 cito
374 3057 455 3108 posse
471 3042 576 3111 placari
586 3037 649 3092 Ver.
678 3041 787 3094 Placere·
805 3054 820 3089 a
838 3055 871 3091 m.
889 3054 938 3107 pn,
957 3054 972 3092 a
990 3055 1012 3092 ι.
1028 3040 1141 3109 placare
1156 3038 1207 3092 ltu.
1244 3039 1276 3106 8)
1288 3044 1332 3094 ta-

305 3115 403 3182 curatur
423 3126 480 3193 llc,
504 3130 650 3199 loquamur
674 3125 706 3180 Α
751 3126 780 3193 9)
807 3126 943 3197 Sequentia
969 3126 1061 3180 desum
1078 3127 1105 3180 iri
1123 3129 1154 3181 Α.
1201 3126 1245 3194 10)
1262 3146 1333 3199 pce-

310 3218 449 3270 atentiam
466 3216 510 3269 lta.
1122 3269 1124 3272 ,

377 3303 441 3359 xlx.
469 3305 498 3373 1)
514 3303 553 3356 lta
570 3302 645 3356 cedd.
659 3300 803 3369 cambron,
817 3319 863 3356 rex
875 3301 950 3372 Angl.
970 3311 996 3356 et
1008 3302 1042 3369 A,
1059 3304 1120 3356 item
1138 3306 1164 3358 iu
1181 3321 1232 3374 mg.
1246 3303 1333 3370 Gran,

305 3401 438 3466 percaeca
456 3392 513 3462 (ecl
530 3396 629 3463 jcluec
646 3394 679 3446 ab
697 3409 718 3446 r.
735 3409 768 3446 m.
787 3408 862 3459 supra
881 3392 988 3460 adieci.)
1006 3392 1057 3458 ital,
1078 3409 1210 3463 percaeca
1222 3390 1334 3454 llauut;

307 3481 375 3551 vulg.
393 3485 534 3552 perculsa,
562 3482 635 3534 cuius
659 3479 717 3532 locu
743 3477 904 3533 scribendum
933 3494 991 3532 esee
1008 3481 1153 3549 perclusa
1169 3479 1268 3532 monuit
1285 3479 1336 3530 iam

309 3567 446 3624 Gronov.
474 3568 531 3622 libr.
561 3585 584 3622 c.
611 3585 636 3636 p.
663 3566 722 3618 264.
775 3566 895 3620 Similiter
928 3565 1070 3634 Cyprianus
1098 3580 1174 3634 supra
1204 3562 1265 3633 Cep.
1295 3563 1335 3623 lX

309 3673 334 3724 p.
354 3657 398 3724 72,
420 3656 459 3710 12.
478 3657 540 3710 dixit
558 3659 648 3710 cedma
666 3657 819 3725 praeclarae.
856 3654 944 3708 'Paulo
971 3663 1030 3722 post
1054 3653 1099 3708 lib
1124 3653 1203 3707 habet
1230 3655 1336 3722 recipit·

310 3813 375 3868 Delu
392 3763 517 3882 ditmarus,
538 3813 566 3880 (s
583 3829 599 3865 a
615 3828 636 3866 r.
654 3829 688 3864 m.
707 3815 847 3881 cupersan.)
864 3811 907 3878 W,
926 3814 1049 3867 dicimus
1067 3809 1115 3862 lle.
1151 3810 1180 3875 2)
1201 3819 1225 3864 et
1243 3813 1270 3865 si
1288 3814 1337 3864 in-

310 3903 447 3956 credibilia
470 3910 495 3958 et
518 3903 673 3956 incredulus
693 3901 732 3968 Α,
761 3918 815 3956 acu
839 3903 957 3958 credulis
975 3898 1023 3952 Bb.
1060 3897 1121 3976 Tum
1138 3899 1162 3952 A
1181 3908 1204 3954 et
1222 3912 1269 3966 pro
1287 3907 1338 3962 ert,

310 3989 379 4059 quod
397 3989 423 4040 iu
440 3987 474 4039 W
492 4004 515 4041 r.
534 4001 568 4041 nr.
587 3990 773 4059 superscripsit.
