2872 4806
604 471 645 540 'l'i

123 633 235 718 legalla
259 631 355 700 adbuc
379 623 560 716 scinderent,
584 655 662 700 nunc
685 633 904 701 contunderent
926 633 1031 715 lustes,
1054 649 1133 698 ncnc

123 750 238 813 eculeus
253 747 278 830 ⁵)
304 748 494 829 extenderet,
516 768 597 814 nunc
617 749 727 831 ungule
744 727 901 828 effoderet,
925 765 1004 810 nunc
1019 747 1133 810 llamma
1245 753 1247 765 ¹

120 866 254 944 torreret,
278 879 348 926 cero
372 880 420 924 me
440 863 470 925 in
494 861 715 926 conluctatione
743 861 885 941 deseruit,
909 861 1060 925 infirmitas
1082 861 1133 923 vi-

121 993 236 1039 scerum
260 977 360 1056 cessit,
382 994 439 1039 uec
461 977 585 1055 animus,
608 975 663 1038 sed
680 992 789 1057 corpus
805 975 834 1039 iu
851 975 958 1040 dolore
976 971 1132 1051 deiecit⁶).

97 1091 216 1154 sPctest
239 1093 299 1154 cito
321 1090 470 1174 prolicere
493 1089 531 1152 ad
553 1089 672 1153 ueniam
694 1107 783 1152 causa
807 1089 892 1168 talis,
921 1096 1022 1170 potest
1047 1090 1134 1152 eius·

119 1202 195 1267 modi
212 1198 237 1282 7)
269 1205 424 1268 excusatio
454 1221 524 1267 esse
555 1202 742 1266 miserabilis.
789 1203 837 1268 Sic
867 1195 955 1280 bic⁸)
985 1202 1074 1266 Casto
1105 1208 1135 1265 et

120 1317 242 1383 Aemilio
266 1318 424 1400 aliquando
449 1318 586 1381 dominus
609 1318 740 1402 ignovit,
770 1317 814 1380 sic
844 1317 873 1378 in
896 1317 990 1398 prima
1002 1310 1029 1392 ⁹)
1054 1334 1133 1380 con·

120 1433 276 1514 gressionc
306 1431 440 1495 devictos
472 1432 601 1496 uictores
631 1433 661 1494 io
692 1430 826 1494 secundo
857 1429 971 1512 praelio
994 1429 1133 1509 reddidit,

120 1553 152 1608 ut
171 1545 313 1610 fortiores
334 1544 454 1628 ignibus
477 1545 583 1609 tierent
605 1545 655 1626 qui
677 1544 796 1626 ignibus
818 1544 1081 1623 antecessissent,
1105 1549 1134 1606 et

89 1659 198 1724 rounde
220 1661 356 1740 superati
378 1667 491 1738 essent,
513 1658 582 1721 iude
605 1665 791 1740 superarent.
835 1658 1080 1752 Deprecabantur
1094 1657 1135 1722 illi

122 1791 179 1837 nco
200 1773 388 1836 lacrimarum
410 1773 618 1853 miseratione,
649 1773 703 1836 sed
717 1767 758 1850 ¹⁰)
782 1773 956 1852 vulnerum,
985 1791 1043 1836 nec
1071 1773 1136 1836 sola

122 1887 297 1951 lamentabili
319 1905 406 1966 voce,
430 1885 484 1949 sed
506 1886 690 1951 laceratione
714 1886 850 1976 corporis
872 1893 902 1950 et
917 1885 1031 1951 dolore.
1069 1887 1136 1951 lla-

123 2003 206 2066 nabat
227 2020 285 2087 pro
311 2001 428 2064 batibus
458 2003 581 2086 sanguis
612 2008 642 2066 et
670 2021 727 2084 pro
758 2002 888 2066 lacrimis
918 2020 1009 2066 cruor
1039 2001 1136 2064 semi-

123 2117 253 2181 ustulatis
268 2115 309 2194 ¹¹)
333 2115 499 2180 visceribus
522 2114 678 2179 defluebat.

590 2313 668 2380 ΧΗ.

92 2465 113 2509 ¹5
208 2460 297 2522 Nunc
330 2478 406 2524 vero
439 2477 516 2541 quae
548 2459 674 2521 vulnera
705 2457 868 2522 ostendere
903 2461 973 2524 victi
1002 2467 1137 2544 possunt,

124 2591 193 2653 quas
216 2573 321 2656 plagas
341 2572 364 2651 ¹)
386 2573 527 2637 hiantium
558 2573 723 2653 viscerum,
753 2591 831 2654 quae
861 2579 1008 2638 tormenta
1039 2595 1136 2639 mem·
1192 2599 1195 2606 ·

123 2688 261 2769 brorum,
284 2689 334 2752 ubi
357 2707 419 2752 nou
440 2687 514 2753 tides
537 2705 702 2771 congressa
725 2685 841 2766 cecidit,
865 2687 919 2753 scd
935 2689 1135 2774 congressio-

126 2841 230 2850 --—-.-.
242 2842 315 2851 .-..-.,

124 2913 160 2968 W.
178 2914 279 2992 blabcd.
297 2914 359 2967 oab.
379 2913 409 2980 A,
427 2921 478 2966 tros
496 2911 571 2982 Aegl.
590 2930 613 2966 c.
634 2913 675 2966 ed.
694 2913 792 2966 blorell.
825 2912 852 2966 ln
872 2913 945 2968 Gtav.
964 2915 1139 2968 minutioribus
1227 2945 1229 2951 ·

122 3003 186 3069 typis
205 3017 327 3054 excusum
349 3010 402 3066 ast;
426 3002 581 3070 antiquiores
600 3010 685 3054 auum
703 3001 762 3054 edd.
781 3001 902 3054 exhibant
926 3005 960 3056 ad
983 3007 1048 3068 boc,
1072 3002 1141 3072 quod

123 3090 261 3142 omiserunt
272 3088 400 3156 Erasmus,
418 3089 550 3154 blsoutius,
571 3088 697 3142 Pamelius
710 3090 841 3158 ceterique
853 3103 948 3142 omues.
985 3090 1015 3154 5)
1034 3093 1142 3144 cculm

123 3191 167 3242 pro
189 3179 318 3246 equuleus
341 3185 473 3245 receptum
498 3194 530 3229 cx
549 3177 589 3229 W.
607 3175 670 3228 Bab.
689 3175 754 3230 ttcd.
774 3175 796 3228 Α
821 3184 848 3228 ct
873 3175 913 3228 ad.
937 3175 1058 3229 Dareutr.
1099 3174 1140 3226 De

124 3279 171 3330 qua
194 3266 319 3333 scripture
344 3265 411 3318 coni.
431 3264 535 3335 Sillig.
553 3265 636 3318 Praei.
655 3264 688 3316 ad
707 3263 769 3316 Plio.
788 3272 838 3316 oet.
859 3263 946 3316 bistor.
965 3263 1024 3332 Peg.
1042 3259 1137 3314 Lllllll.

124 3352 253 3406 Aecutcus
266 3353 325 3404 dant
336 3351 401 3404 blab.
431 3351 510 3404 Paulo
522 3361 580 3421 post
593 3362 703 3406 emeret
714 3351 745 3404 rb
776 3350 894 3404 Proxime
906 3352 1080 3405 obluctationis
1090 3348 1139 3402 bic.

125 3435 151 3501 6)
169 3443 254 3510 deficit
272 3441 312 3492 W.
356 3440 384 3502 7)
402 3443 557 3496 huiuamodi
575 3440 624 3492 lla.
666 3439 694 3504 8)
714 3442 775 3495 binc
798 3453 836 3506 pr.
856 3437 903 3491 blc.
923 3425 1028 3490 ¹Statim
1050 3439 1142 3492 cessio

97 3510 154 3577 'b
188 3525 287 3579 Deinde
312 3530 400 3582 emitto
419 3527 451 3577 W
470 3535 497 3579 et
520 3527 605 3580 blbcd.
646 3526 675 3591 9)
699 3530 791 3598 inpre'a
811 3525 842 3578 A.
885 3524 955 3578 idem
980 3523 1141 3593 paulopost

125 3616 236 3670 rediddit
250 3619 342 3685 prelio.
378 3614 440 3668 'lum
456 3619 628 3684 forctorttue.
666 3614 710 3680 10)
730 3625 754 3668 ct
771 3630 809 3682 pr.
827 3613 868 3666 W.
905 3611 962 3664 llos
981 3612 1141 3666 lamentabili

126 3703 183 3754 sola
200 3719 264 3756 coca
282 3700 331 3754 lib.
366 3702 433 3756 lnira
451 3720 487 3758 cc·
505 3706 596 3758 dolore
612 3701 643 3756 n.
690 3702 733 3768 tl)
751 3703 940 3757 semiustilatte
958 3715 995 3768 pr.
1015 3696 1056 3749 blb
1075 3705 1101 3751 et
1121 3698 1144 3764 (i

126 3790 151 3840 in
168 3805 218 3842 ras.
238 3792 336 3860 posito)
354 3791 396 3858 W,
415 3793 614 3846 consueutlutir
632 3789 683 3855 lla,
701 3791 828 3844 semiusti
844 3791 947 3852 tuteris,
967 3794 996 3838 ut
1013 3785 1071 3838 cod.
1089 3783 1141 3836 La·

127 3879 219 3944 monii,
236 3877 259 3932 Α
278 3887 304 3932 ct
322 3895 354 3932 ex
371 3886 457 3932 mutat.
476 3895 496 3931 r.
517 3893 550 3930 m.
569 3877 620 3932 ttb.
657 3877 758 3930 Deinde
775 3875 813 3928 Bu
831 3877 989 3946 alludent,
1012 3871 1050 3925 lib
1074 3890 1141 3943 pro-
1167 3929 1171 3942 ,

126 3965 227 4032 ttuetas.

194 4051 246 4106 llll.
267 4054 293 4119 l)
310 4073 389 4124 wem
406 4059 471 4122 eim,
492 4070 560 4125 poan
575 4056 671 4124 plegae
685 4051 743 4106 cod.
756 4049 871 4122 Segnior.
