<?xml version="1.0" encoding="UTF-8"?>
<!DOCTYPE html PUBLIC "-//W3C//DTD XHTML 1.0 Transitional//EN"
    "http://www.w3.org/TR/xhtml1/DTD/xhtml1-transitional.dtd">
<html xmlns="http://www.w3.org/1999/xhtml" xml:lang="en" lang="en">
 <head>
  <title>
</title>
<meta http-equiv="Content-Type" content="text/html;charset=utf-8" />
  <meta name='ocr-system' content='tesseract 3.04.00' />
  <meta name='ocr-capabilities' content='ocr_page ocr_carea ocr_par ocr_line ocrx_word'/>
</head>
<body>
  <div class='ocr_page' id='page_1' title='image "./scaecilicyprian00krabgoog_0126.png"; bbox 0 0 2874 4806; ppageno 0'>
   <div class='ocr_carea' id='block_1_1' title="bbox 582 423 643 488">
    <p class='ocr_par' dir='ltr' id='par_1_1' title="bbox 582 423 643 488">
     <span class='ocr_line' id='line_1_1' title="bbox 582 423 643 488; baseline 0 0"><span class='ocrx_word' id='word_1_1' title='bbox 582 423 643 488; x_wconf 79' lang='lat'><strong>105</strong></span> 
     </span>
    </p>
   </div>
   <div class='ocr_carea' id='block_1_2' title="bbox 88 663 670 773">
    <p class='ocr_par' dir='ltr' id='par_1_2' title="bbox 88 663 670 773">
     <span class='ocr_line' id='line_1_2' title="bbox 88 663 670 773; baseline 0.003 -43"><span class='ocrx_word' id='word_1_2' title='bbox 88 743 92 748; x_wconf 18' lang='grc' dir='ltr'><strong>Α</strong></span> <span class='ocrx_word' id='word_1_3' title='bbox 112 744 120 773; x_wconf 30' lang='lat' dir='ltr'><em>fi</em></span> <span class='ocrx_word' id='word_1_4' title='bbox 540 663 670 732; x_wconf 82' lang='lat' dir='ltr'><strong>xxiv.</strong></span> 
     </span>
    </p>
   </div>
   <div class='ocr_carea' id='block_1_3' title="bbox 59 803 1199 2139">
    <p class='ocr_par' dir='ltr' id='par_1_3' title="bbox 91 803 1163 1233">
     <span class='ocr_line' id='line_1_3' title="bbox 184 803 1163 895; baseline 0.009 -27"><span class='ocrx_word' id='word_1_5' title='bbox 184 803 388 870; x_wconf 81' lang='lat' dir='ltr'><strong>Condteantur</strong></span> <span class='ocrx_word' id='word_1_6' title='bbox 403 806 522 891; x_wconf 81' lang='lat' dir='ltr'><strong>singuli,</strong></span> <span class='ocrx_word' id='word_1_7' title='bbox 546 825 660 889; x_wconf 81' lang='lat' dir='ltr'><strong>quaeso</strong></span> <span class='ocrx_word' id='word_1_8' title='bbox 683 825 748 889; x_wconf 85' lang='lat' dir='ltr'><strong>vos,</strong></span> <span class='ocrx_word' id='word_1_9' title='bbox 772 808 879 874; x_wconf 86' lang='lat' dir='ltr'><strong>iratres</strong></span> <span class='ocrx_word' id='word_1_10' title='bbox 895 810 930 889; x_wconf 91' lang='lat'><strong>¹),</strong></span> <span class='ocrx_word' id='word_1_11' title='bbox 950 810 955 895; x_wconf 86' lang='grc' dir='ltr'>Ι</span> <span class='ocrx_word' id='word_1_12' title='bbox 976 811 1114 876; x_wconf 89' lang='lat' dir='ltr'><strong>delictum</strong></span> <span class='ocrx_word' id='word_1_13' title='bbox 1127 823 1163 871; x_wconf 77' lang='lat' dir='ltr'><strong>ttt</strong></span> 
     </span>
     <span class='ocr_line' id='line_1_4' title="bbox 93 918 1115 1005; baseline 0.008 -23"><span class='ocrx_word' id='word_1_14' title='bbox 93 936 193 1000; x_wconf 89' lang='lat' dir='ltr'><strong>suum,</strong></span> <span class='ocrx_word' id='word_1_15' title='bbox 217 918 286 982; x_wconf 94' lang='lat' dir='ltr'><strong>dum</strong></span> <span class='ocrx_word' id='word_1_16' title='bbox 309 919 405 982; x_wconf 83' lang='lat' dir='ltr'><strong>adbuc</strong></span> <span class='ocrx_word' id='word_1_17' title='bbox 428 920 478 1000; x_wconf 87' lang='lat' dir='ltr'><strong>qui</strong></span> <span class='ocrx_word' id='word_1_18' title='bbox 501 919 624 1002; x_wconf 81' lang='lat' dir='ltr'>deliquit</span> <span class='ocrx_word' id='word_1_19' title='bbox 646 923 677 985; x_wconf 92' lang='lat' dir='ltr'><strong>in</strong></span> <span class='ocrx_word' id='word_1_20' title='bbox 699 922 821 987; x_wconf 88' lang='lat' dir='ltr'><strong>sceculo</strong></span> <span class='ocrx_word' id='word_1_21' title='bbox 843 931 898 1005; x_wconf 90' lang='lat' dir='ltr'><strong>est,</strong></span> <span class='ocrx_word' id='word_1_22' title='bbox 922 924 990 988; x_wconf 91' lang='lat' dir='ltr'><strong>dum</strong></span> <span class='ocrx_word' id='word_1_23' title='bbox 1004 925 1115 990; x_wconf 89' lang='lat' dir='ltr'><strong>admitti</strong></span> 
     </span>
     <span class='ocr_line' id='line_1_5' title="bbox 93 1030 1116 1114; baseline 0.012 -20"><span class='ocrx_word' id='word_1_24' title='bbox 93 1030 250 1094; x_wconf 77' lang='lat' dir='ltr'><strong>confessio</strong></span> <span class='ocrx_word' id='word_1_25' title='bbox 274 1032 340 1095; x_wconf 90' lang='lat' dir='ltr'><strong>eius</strong></span> <span class='ocrx_word' id='word_1_26' title='bbox 372 1039 487 1114; x_wconf 87' lang='lat' dir='ltr'><strong>potest,</strong></span> <span class='ocrx_word' id='word_1_27' title='bbox 519 1032 587 1096; x_wconf 93' lang='lat' dir='ltr'><strong>dum</strong></span> <span class='ocrx_word' id='word_1_28' title='bbox 617 1034 779 1100; x_wconf 80' lang='lat' dir='ltr'><strong>satisfactio</strong></span> <span class='ocrx_word' id='word_1_29' title='bbox 810 1043 840 1098; x_wconf 95' lang='lat' dir='ltr'><strong>et</strong></span> <span class='ocrx_word' id='word_1_30' title='bbox 870 1040 1008 1104; x_wconf 87' lang='lat' dir='ltr'><strong>remissio</strong></span> <span class='ocrx_word' id='word_1_31' title='bbox 1038 1039 1116 1106; x_wconf 83' lang='lat' dir='ltr'><strong>iacta</strong></span> 
     </span>
     <span class='ocr_line' id='line_1_6' title="bbox 91 1146 1116 1233; baseline 0.013 -27"><span class='ocrx_word' id='word_1_32' title='bbox 91 1163 150 1226; x_wconf 90' lang='lat' dir='ltr'><strong>per</strong></span> <span class='ocrx_word' id='word_1_33' title='bbox 185 1146 359 1209; x_wconf 80' lang='lat' dir='ltr'><strong>sacerdotes</strong></span> <span class='ocrx_word' id='word_1_34' title='bbox 391 1147 467 1228; x_wconf 84' lang='lat' dir='ltr'><strong>opud</strong></span> <span class='ocrx_word' id='word_1_35' title='bbox 499 1148 648 1213; x_wconf 91' lang='lat' dir='ltr'><strong>dominum</strong></span> <span class='ocrx_word' id='word_1_36' title='bbox 678 1157 764 1233; x_wconf 83' lang='lat' dir='ltr'><strong>grata</strong></span> <span class='ocrx_word' id='word_1_37' title='bbox 794 1158 848 1214; x_wconf 85' lang='lat' dir='ltr'><strong>est.</strong></span> <span class='ocrx_word' id='word_1_38' title='bbox 901 1151 1116 1219; x_wconf 81' lang='lat' dir='ltr'><strong>Convertamur</strong></span> 
     </span>
    </p>

    <p class='ocr_par' dir='ltr' id='par_1_4' title="bbox 67 1256 1199 1794">
     <span class='ocr_line' id='line_1_7' title="bbox 67 1256 1114 1345; baseline 0.016 -31"><span class='ocrx_word' id='word_1_39' title='bbox 67 1257 127 1320; x_wconf 81' lang='lat' dir='ltr'><strong>sed</strong></span> <span class='ocrx_word' id='word_1_40' title='bbox 155 1256 306 1320; x_wconf 92' lang='lat' dir='ltr'><strong>domiuum</strong></span> <span class='ocrx_word' id='word_1_41' title='bbox 338 1267 437 1323; x_wconf 85' lang='lat' dir='ltr'><strong>mente</strong></span> <span class='ocrx_word' id='word_1_42' title='bbox 466 1267 544 1342; x_wconf 92' lang='lat' dir='ltr'><strong>tota,</strong></span> <span class='ocrx_word' id='word_1_43' title='bbox 576 1270 605 1327; x_wconf 90' lang='lat' dir='ltr'><strong>et</strong></span> <span class='ocrx_word' id='word_1_44' title='bbox 635 1265 843 1345; x_wconf 88' lang='lat' dir='ltr'><strong>paenitentiam</strong></span> <span class='ocrx_word' id='word_1_45' title='bbox 874 1267 1004 1330; x_wconf 92' lang='lat' dir='ltr'><strong>criminis</strong></span> <span class='ocrx_word' id='word_1_46' title='bbox 1034 1269 1114 1332; x_wconf 85' lang='lat' dir='ltr'><strong>veris</strong></span> 
     </span>
     <span class='ocr_line' id='line_1_8' title="bbox 91 1370 1114 1460; baseline 0.01 -27"><span class='ocrx_word' id='word_1_47' title='bbox 91 1370 250 1434; x_wconf 94' lang='lat' dir='ltr'><strong>doloribus</strong></span> <span class='ocrx_word' id='word_1_48' title='bbox 274 1375 475 1455; x_wconf 85' lang='lat' dir='ltr'><strong>exprimentes</strong></span> <span class='ocrx_word' id='word_1_49' title='bbox 499 1375 548 1436; x_wconf 90' lang='lat' dir='ltr'><strong>dei</strong></span> <span class='ocrx_word' id='word_1_50' title='bbox 570 1375 802 1440; x_wconf 90' lang='lat' dir='ltr'><strong>misericordiam</strong></span> <span class='ocrx_word' id='word_1_51' title='bbox 826 1378 1029 1460; x_wconf 87' lang='lat' dir='ltr'><strong>deprecemur.</strong></span> <span class='ocrx_word' id='word_1_52' title='bbox 1069 1379 1114 1444; x_wconf 92' lang='lat' dir='ltr'><strong>llli</strong></span> 
     </span>
     <span class='ocr_line' id='line_1_9' title="bbox 91 1482 1199 1577; baseline 0.014 -32"><span class='ocrx_word' id='word_1_53' title='bbox 91 1501 125 1546; x_wconf 90' lang='lat' dir='ltr'><strong>se</strong></span> <span class='ocrx_word' id='word_1_54' title='bbox 150 1482 288 1563; x_wconf 78' lang='lat' dir='ltr'><strong>anima²)</strong></span> <span class='ocrx_word' id='word_1_55' title='bbox 309 1493 495 1568; x_wconf 89' lang='lat' dir='ltr'><strong>prostemat‚</strong></span> <span class='ocrx_word' id='word_1_56' title='bbox 528 1487 569 1550; x_wconf 93' lang='lat' dir='ltr'><strong>illi</strong></span> <span class='ocrx_word' id='word_1_57' title='bbox 595 1490 740 1552; x_wconf 88' lang='lat' dir='ltr'><strong>maestitia</strong></span> <span class='ocrx_word' id='word_1_58' title='bbox 763 1490 942 1572; x_wconf 84' lang='lat' dir='ltr'><strong>satisfaciat,</strong></span> <span class='ocrx_word' id='word_1_59' title='bbox 973 1493 1013 1556; x_wconf 92' lang='lat' dir='ltr'><strong>illi</strong></span> <span class='ocrx_word' id='word_1_60' title='bbox 1043 1511 1114 1577; x_wconf 88' lang='lat' dir='ltr'><strong>spes</strong></span> <span class='ocrx_word' id='word_1_61' title='bbox 1198 1517 1199 1524; x_wconf 51' lang='lat'>¹</span> 
     </span>
     <span class='ocr_line' id='line_1_10' title="bbox 90 1599 1113 1687; baseline 0.008 -25"><span class='ocrx_word' id='word_1_62' title='bbox 90 1599 190 1663; x_wconf 89' lang='lat' dir='ltr'><strong>omnis</strong></span> <span class='ocrx_word' id='word_1_63' title='bbox 213 1599 369 1662; x_wconf 84' lang='lat' dir='ltr'><strong>incumbet.</strong></span> <span class='ocrx_word' id='word_1_64' title='bbox 415 1599 536 1682; x_wconf 76' lang='lat' dir='ltr'><strong>Rogare</strong></span> <span class='ocrx_word' id='word_1_65' title='bbox 559 1599 684 1681; x_wconf 85' lang='lat' dir='ltr'><strong>qualiter</strong></span> <span class='ocrx_word' id='word_1_66' title='bbox 708 1600 870 1665; x_wconf 80' lang='lat' dir='ltr'><strong>debeamus</strong></span> <span class='ocrx_word' id='word_1_67' title='bbox 894 1602 963 1666; x_wconf 93' lang='lat' dir='ltr'><strong>dicit</strong></span> <span class='ocrx_word' id='word_1_68' title='bbox 993 1605 1059 1687; x_wconf 87' lang='lat' dir='ltr'><strong>ipsc</strong></span> <span class='ocrx_word' id='word_1_69' title='bbox 1077 1603 1113 1684; x_wconf 83' lang='lat'><strong>³).</strong></span> 
     </span>
     <span class='ocr_line' id='line_1_11' title="bbox 89 1710 1113 1794; baseline 0.009 -21"><span class='ocrx_word' id='word_1_70' title='bbox 89 1711 305 1791; x_wconf 81' lang='lat' dir='ltr'><strong>Revertimini,</strong></span> <span class='ocrx_word' id='word_1_71' title='bbox 330 1713 424 1794; x_wconf 87' lang='lat' dir='ltr'><strong>inquit</strong></span> <span class='ocrx_word' id='word_1_72' title='bbox 435 1710 473 1793; x_wconf 83' lang='lat'><strong>⁴),</strong></span> <span class='ocrx_word' id='word_1_73' title='bbox 497 1713 541 1775; x_wconf 88' lang='lat' dir='ltr'><strong>cd</strong></span> <span class='ocrx_word' id='word_1_74' title='bbox 561 1733 607 1776; x_wconf 90' lang='lat' dir='ltr'><strong>me</strong></span> <span class='ocrx_word' id='word_1_75' title='bbox 630 1733 671 1776; x_wconf 78' lang='lat' dir='ltr'><strong>ce</strong></span> <span class='ocrx_word' id='word_1_76' title='bbox 691 1722 755 1779; x_wconf 87' lang='lat' dir='ltr'><strong>toto</strong></span> <span class='ocrx_word' id='word_1_77' title='bbox 772 1717 868 1778; x_wconf 90' lang='lat' dir='ltr'><strong>corde</strong></span> <span class='ocrx_word' id='word_1_78' title='bbox 882 1725 987 1782; x_wconf 76' lang='lat' dir='ltr'><strong>ocrim</strong></span> <span class='ocrx_word' id='word_1_79' title='bbox 1004 1719 1113 1784; x_wconf 79' lang='lat' dir='ltr'><strong>simul-</strong></span> 
     </span>
    </p>

    <p class='ocr_par' dir='ltr' id='par_1_5' title="bbox 59 1823 1115 2139">
     <span class='ocr_line' id='line_1_12' title="bbox 59 1823 1115 1907; baseline 0.012 -22"><span class='ocrx_word' id='word_1_80' title='bbox 59 1844 151 1907; x_wconf 84' lang='lat' dir='ltr'><strong>roqce</strong></span> <span class='ocrx_word' id='word_1_81' title='bbox 184 1833 215 1904; x_wconf 80' lang='lat' dir='ltr'><strong>et</strong></span> <span class='ocrx_word' id='word_1_82' title='bbox 244 1825 363 1888; x_wconf 77' lang='lat' dir='ltr'><strong>ieiunio</strong></span> <span class='ocrx_word' id='word_1_83' title='bbox 392 1832 421 1887; x_wconf 91' lang='lat' dir='ltr'><strong>et</strong></span> <span class='ocrx_word' id='word_1_84' title='bbox 448 1823 522 1903; x_wconf 83' lang='lat' dir='ltr'><strong>fletu</strong></span> <span class='ocrx_word' id='word_1_85' title='bbox 551 1833 581 1888; x_wconf 88' lang='lat' dir='ltr'><strong>et</strong></span> <span class='ocrx_word' id='word_1_86' title='bbox 606 1827 748 1906; x_wconf 81' lang='lat' dir='ltr'><strong>planctu,</strong></span> <span class='ocrx_word' id='word_1_87' title='bbox 772 1835 803 1888; x_wconf 89' lang='lat' dir='ltr'><strong>et</strong></span> <span class='ocrx_word' id='word_1_88' title='bbox 823 1829 993 1895; x_wconf 80' lang='lat' dir='ltr'><strong>discindite</strong></span> <span class='ocrx_word' id='word_1_89' title='bbox 1016 1834 1115 1898; x_wconf 82' lang='lat' dir='ltr'><strong>cordo</strong></span> 
     </span>
     <span class='ocr_line' id='line_1_13' title="bbox 89 1942 1113 2012; baseline 0.008 -9"><span class='ocrx_word' id='word_1_90' title='bbox 89 1949 200 2004; x_wconf 84' lang='lat' dir='ltr'><strong>cestre</strong></span> <span class='ocrx_word' id='word_1_91' title='bbox 237 1949 267 2002; x_wconf 87' lang='lat' dir='ltr'><strong>ct</strong></span> <span class='ocrx_word' id='word_1_92' title='bbox 302 1961 366 2004; x_wconf 85' lang='lat' dir='ltr'><strong>non</strong></span> <span class='ocrx_word' id='word_1_93' title='bbox 398 1943 582 2004; x_wconf 81' lang='lat' dir='ltr'><strong>vestimenta</strong></span> <span class='ocrx_word' id='word_1_94' title='bbox 613 1950 728 2005; x_wconf 85' lang='lat' dir='ltr'><strong>cestra.</strong></span> <span class='ocrx_word' id='word_1_95' title='bbox 785 1942 833 2006; x_wconf 82' lang='lat' dir='ltr'><strong>Ad</strong></span> <span class='ocrx_word' id='word_1_96' title='bbox 867 1944 1016 2010; x_wconf 93' lang='lat' dir='ltr'><strong>dominum</strong></span> <span class='ocrx_word' id='word_1_97' title='bbox 1050 1954 1113 2012; x_wconf 90' lang='lat' dir='ltr'><strong>toto</strong></span> 
     </span>
     <span class='ocr_line' id='line_1_14' title="bbox 91 2051 1113 2139; baseline 0.004 -19"><span class='ocrx_word' id='word_1_98' title='bbox 91 2054 188 2120; x_wconf 92' lang='lat' dir='ltr'><strong>corde</strong></span> <span class='ocrx_word' id='word_1_99' title='bbox 202 2051 228 2132; x_wconf 88' lang='lat'><strong>⁵)</strong></span> <span class='ocrx_word' id='word_1_100' title='bbox 252 2054 418 2118; x_wconf 88' lang='lat' dir='ltr'><strong>redeamus</strong></span> <span class='ocrx_word' id='word_1_101' title='bbox 428 2075 437 2131; x_wconf 91' lang='lat'>;</span> <span class='ocrx_word' id='word_1_102' title='bbox 461 2055 534 2116; x_wconf 84' lang='lat' dir='ltr'><strong>irem</strong></span> <span class='ocrx_word' id='word_1_103' title='bbox 557 2061 588 2116; x_wconf 86' lang='lat' dir='ltr'><strong>et</strong></span> <span class='ocrx_word' id='word_1_104' title='bbox 606 2053 750 2118; x_wconf 84' lang='lat' dir='ltr'><strong>offensam</strong></span> <span class='ocrx_word' id='word_1_105' title='bbox 767 2057 831 2119; x_wconf 93' lang='lat' dir='ltr'><strong>eius</strong></span> <span class='ocrx_word' id='word_1_106' title='bbox 847 2057 974 2139; x_wconf 89' lang='lat' dir='ltr'><strong>ieiuniis,</strong></span> <span class='ocrx_word' id='word_1_107' title='bbox 997 2058 1113 2124; x_wconf 89' lang='lat' dir='ltr'><strong>lletibus</strong></span> 
     </span>
    </p>
   </div>
   <div class='ocr_carea' id='block_1_4' title="bbox 91 2235 302 2246">
    <p class='ocr_par' dir='ltr' id='par_1_6' title="bbox 91 2235 302 2246">
     <span class='ocr_line' id='line_1_15' title="bbox 91 2235 302 2246; baseline 0.005 -1"><span class='ocrx_word' id='word_1_108' title='bbox 91 2235 302 2246; x_wconf 41' lang='grc' dir='ltr'>..μω-...-</span> 
     </span>
    </p>
   </div>
   <div class='ocr_carea' id='block_1_5' title="bbox 7 2343 1158 4068">
    <p class='ocr_par' dir='ltr' id='par_1_7' title="bbox 89 2343 1113 2588">
     <span class='ocr_line' id='line_1_16' title="bbox 160 2343 1112 2414; baseline 0.001 -17"><span class='ocrx_word' id='word_1_109' title='bbox 160 2343 247 2397; x_wconf 87' lang='lat' dir='ltr'><strong>XXIV.</strong></span> <span class='ocrx_word' id='word_1_110' title='bbox 277 2347 303 2410; x_wconf 90' lang='lat' dir='ltr'><strong>t)</strong></span> <span class='ocrx_word' id='word_1_111' title='bbox 324 2361 421 2414; x_wconf 77' lang='lat' dir='ltr'><strong>quaeso</strong></span> <span class='ocrx_word' id='word_1_112' title='bbox 438 2360 504 2408; x_wconf 86' lang='lat' dir='ltr'><strong>eos,</strong></span> <span class='ocrx_word' id='word_1_113' title='bbox 529 2347 631 2410; x_wconf 78' lang='lat' dir='ltr'><strong>fratres</strong></span> <span class='ocrx_word' id='word_1_114' title='bbox 655 2345 838 2408; x_wconf 78' lang='lat' dir='ltr'><strong>dilectissimi,</strong></span> <span class='ocrx_word' id='word_1_115' title='bbox 865 2343 990 2396; x_wconf 85' lang='lat' dir='ltr'><strong>Pamelius</strong></span> <span class='ocrx_word' id='word_1_116' title='bbox 1016 2349 1112 2398; x_wconf 89' lang='lat' dir='ltr'><strong>ceteri-</strong></span> 
     </span>
     <span class='ocr_line' id='line_1_17' title="bbox 89 2429 1113 2502; baseline 0.002 -18"><span class='ocrx_word' id='word_1_117' title='bbox 89 2449 140 2502; x_wconf 87' lang='lat' dir='ltr'><strong>que</strong></span> <span class='ocrx_word' id='word_1_118' title='bbox 171 2432 335 2484; x_wconf 85' lang='lat' dir='ltr'><strong>recentiores.</strong></span> <span class='ocrx_word' id='word_1_119' title='bbox 390 2429 439 2482; x_wconf 87' lang='lat' dir='ltr'><strong>Sed</strong></span> <span class='ocrx_word' id='word_1_120' title='bbox 470 2447 494 2484; x_wconf 84' lang='lat' dir='ltr'><strong>r.</strong></span> <span class='ocrx_word' id='word_1_121' title='bbox 523 2433 692 2484; x_wconf 77' lang='lat' dir='ltr'><strong>dilectissimi</strong></span> <span class='ocrx_word' id='word_1_122' title='bbox 721 2445 772 2481; x_wconf 91' lang='lat' dir='ltr'><strong>om.</strong></span> <span class='ocrx_word' id='word_1_123' title='bbox 802 2429 875 2484; x_wconf 87' lang='lat' dir='ltr'><strong>codd.</strong></span> <span class='ocrx_word' id='word_1_124' title='bbox 906 2434 986 2485; x_wconf 87' lang='lat' dir='ltr'><strong>nostri</strong></span> <span class='ocrx_word' id='word_1_125' title='bbox 1015 2449 1113 2487; x_wconf 87' lang='lat' dir='ltr'><strong>omues.</strong></span> 
     </span>
     <span class='ocr_line' id='line_1_18' title="bbox 89 2515 1112 2588; baseline 0 -16"><span class='ocrx_word' id='word_1_126' title='bbox 89 2519 166 2572; x_wconf 87' lang='lat' dir='ltr'><strong>Comi.</strong></span> <span class='ocrx_word' id='word_1_127' title='bbox 186 2519 273 2571; x_wconf 89' lang='lat' dir='ltr'><strong>adnot.</strong></span> <span class='ocrx_word' id='word_1_128' title='bbox 291 2519 324 2571; x_wconf 92' lang='lat' dir='ltr'><strong>ad</strong></span> <span class='ocrx_word' id='word_1_129' title='bbox 343 2517 404 2587; x_wconf 84' lang='lat' dir='ltr'><strong>Gap.</strong></span> <span class='ocrx_word' id='word_1_130' title='bbox 423 2517 446 2572; x_wconf 92' lang='lat' dir='ltr'><strong>Il</strong></span> <span class='ocrx_word' id='word_1_131' title='bbox 465 2527 491 2571; x_wconf 86' lang='lat' dir='ltr'><strong>et</strong></span> <span class='ocrx_word' id='word_1_132' title='bbox 508 2517 617 2570; x_wconf 84' lang='lat' dir='ltr'><strong>xxvttt.</strong></span> <span class='ocrx_word' id='word_1_133' title='bbox 652 2515 701 2569; x_wconf 91' lang='lat' dir='ltr'><strong>Pro</strong></span> <span class='ocrx_word' id='word_1_134' title='bbox 719 2520 842 2573; x_wconf 82' lang='lat' dir='ltr'><strong>delictum</strong></span> <span class='ocrx_word' id='word_1_135' title='bbox 854 2518 886 2569; x_wconf 88' lang='lat' dir='ltr'>W</span> <span class='ocrx_word' id='word_1_136' title='bbox 905 2529 931 2571; x_wconf 85' lang='lat' dir='ltr'><strong>ct</strong></span> <span class='ocrx_word' id='word_1_137' title='bbox 949 2520 989 2572; x_wconf 87' lang='lat' dir='ltr'><strong>ttb</strong></span> <span class='ocrx_word' id='word_1_138' title='bbox 1007 2536 1045 2588; x_wconf 92' lang='lat' dir='ltr'><strong>pr.</strong></span> <span class='ocrx_word' id='word_1_139' title='bbox 1065 2537 1112 2574; x_wconf 82' lang='lat' dir='ltr'><strong>ex·</strong></span> 
     </span>
    </p>

    <p class='ocr_par' dir='ltr' id='par_1_8' title="bbox 7 2605 1158 3202">
     <span class='ocr_line' id='line_1_19' title="bbox 7 2605 1113 2684; baseline 0 -25"><span class='ocrx_word' id='word_1_140' title='bbox 7 2641 9 2648; x_wconf 26' lang='grc'>,</span> <span class='ocrx_word' id='word_1_141' title='bbox 87 2607 213 2660; x_wconf 78' lang='lat' dir='ltr'><strong>bibebant</strong></span> <span class='ocrx_word' id='word_1_142' title='bbox 239 2610 368 2676; x_wconf 83' lang='lat' dir='ltr'><strong>dilectum.</strong></span> <span class='ocrx_word' id='word_1_143' title='bbox 404 2605 462 2659; x_wconf 82' lang='lat' dir='ltr'><strong>Mox</strong></span> <span class='ocrx_word' id='word_1_144' title='bbox 488 2624 547 2661; x_wconf 85' lang='lat' dir='ltr'><strong>cum</strong></span> <span class='ocrx_word' id='word_1_145' title='bbox 571 2621 618 2674; x_wconf 95' lang='lat' dir='ltr'><strong>pro</strong></span> <span class='ocrx_word' id='word_1_146' title='bbox 643 2609 705 2659; x_wconf 84' lang='lat' dir='ltr'><strong>dum</strong></span> <span class='ocrx_word' id='word_1_147' title='bbox 729 2605 816 2658; x_wconf 87' lang='lat' dir='ltr'><strong>scribit</strong></span> <span class='ocrx_word' id='word_1_148' title='bbox 835 2606 881 2660; x_wconf 86' lang='lat' dir='ltr'><strong>bic.</strong></span> <span class='ocrx_word' id='word_1_149' title='bbox 919 2607 979 2660; x_wconf 84' lang='lat' dir='ltr'><strong>Tum</strong></span> <span class='ocrx_word' id='word_1_150' title='bbox 998 2607 1038 2684; x_wconf 89' lang='lat' dir='ltr'><strong>W.</strong></span> <span class='ocrx_word' id='word_1_151' title='bbox 1057 2606 1113 2659; x_wconf 85' lang='lat' dir='ltr'><strong>blac</strong></span> 
     </span>
     <span class='ocr_line' id='line_1_20' title="bbox 88 2693 1114 2765; baseline 0.006 -21"><span class='ocrx_word' id='word_1_152' title='bbox 88 2703 115 2745; x_wconf 90' lang='lat' dir='ltr'><strong>et</strong></span> <span class='ocrx_word' id='word_1_153' title='bbox 132 2693 187 2746; x_wconf 89' lang='lat' dir='ltr'><strong>Bab</strong></span> <span class='ocrx_word' id='word_1_154' title='bbox 207 2693 273 2745; x_wconf 90' lang='lat' dir='ltr'><strong>male</strong></span> <span class='ocrx_word' id='word_1_155' title='bbox 292 2697 433 2764; x_wconf 82' lang='lat' dir='ltr'><strong>delinquit,</strong></span> <span class='ocrx_word' id='word_1_156' title='bbox 456 2693 497 2747; x_wconf 83' lang='lat' dir='ltr'><strong>Mb</strong></span> <span class='ocrx_word' id='word_1_157' title='bbox 516 2697 656 2764; x_wconf 82' lang='lat' dir='ltr'><strong>deliuquid.</strong></span> <span class='ocrx_word' id='word_1_158' title='bbox 693 2693 733 2747; x_wconf 85' lang='lat' dir='ltr'><strong>Pr.</strong></span> <span class='ocrx_word' id='word_1_159' title='bbox 754 2698 866 2749; x_wconf 84' lang='lat' dir='ltr'><strong>admittit</strong></span> <span class='ocrx_word' id='word_1_160' title='bbox 883 2694 923 2748; x_wconf 92' lang='lat' dir='ltr'><strong>W.</strong></span> <span class='ocrx_word' id='word_1_161' title='bbox 960 2694 1026 2747; x_wconf 82' lang='lat' dir='ltr'><strong>inire</strong></span> <span class='ocrx_word' id='word_1_162' title='bbox 1045 2703 1114 2765; x_wconf 83' lang='lat' dir='ltr'><strong>apud</strong></span> 
     </span>
     <span class='ocr_line' id='line_1_21' title="bbox 88 2781 1158 2854; baseline -0.001 -17"><span class='ocrx_word' id='word_1_163' title='bbox 88 2785 166 2837; x_wconf 59' lang='lat' dir='ltr'><strong>Mum</strong></span> <span class='ocrx_word' id='word_1_164' title='bbox 184 2781 225 2832; x_wconf 86' lang='lat' dir='ltr'><strong>bib</strong></span> <span class='ocrx_word' id='word_1_165' title='bbox 246 2789 271 2833; x_wconf 92' lang='lat' dir='ltr'><strong>et</strong></span> <span class='ocrx_word' id='word_1_166' title='bbox 289 2781 319 2833; x_wconf 86' lang='grc' dir='ltr'><strong>Α.</strong></span> <span class='ocrx_word' id='word_1_167' title='bbox 357 2782 419 2834; x_wconf 81' lang='lat' dir='ltr'><strong>&#39;lum</strong></span> <span class='ocrx_word' id='word_1_168' title='bbox 437 2787 524 2853; x_wconf 77' lang='lat' dir='ltr'><strong>pratis</strong></span> <span class='ocrx_word' id='word_1_169' title='bbox 541 2781 581 2834; x_wconf 88' lang='lat' dir='ltr'><strong>W.</strong></span> <span class='ocrx_word' id='word_1_170' title='bbox 618 2781 647 2843; x_wconf 76' lang='lat'><strong>2&gt;</strong></span> <span class='ocrx_word' id='word_1_171' title='bbox 666 2785 746 2836; x_wconf 82' lang='lat' dir='ltr'><strong>etiem</strong></span> <span class='ocrx_word' id='word_1_172' title='bbox 763 2785 852 2836; x_wconf 82' lang='lat' dir='ltr'><strong>enims</strong></span> <span class='ocrx_word' id='word_1_173' title='bbox 870 2782 921 2835; x_wconf 79' lang='lat' dir='ltr'><strong>dib.</strong></span> <span class='ocrx_word' id='word_1_174' title='bbox 958 2783 1037 2837; x_wconf 90' lang='lat' dir='ltr'><strong>Paulo</strong></span> <span class='ocrx_word' id='word_1_175' title='bbox 1055 2793 1115 2854; x_wconf 84' lang='lat' dir='ltr'><strong>post</strong></span> <span class='ocrx_word' id='word_1_176' title='bbox 1155 2801 1158 2812; x_wconf 87' lang='lat'><strong>·</strong></span> 
     </span>
     <span class='ocr_line' id='line_1_22' title="bbox 87 2867 1112 2939; baseline 0.006 -18"><span class='ocrx_word' id='word_1_177' title='bbox 87 2873 145 2922; x_wconf 90' lang='lat' dir='ltr'><strong>illic</strong></span> <span class='ocrx_word' id='word_1_178' title='bbox 163 2887 227 2938; x_wconf 83' lang='lat' dir='ltr'><strong>spes</strong></span> <span class='ocrx_word' id='word_1_179' title='bbox 242 2869 280 2922; x_wconf 94' lang='lat' dir='ltr'><strong>W.</strong></span> <span class='ocrx_word' id='word_1_180' title='bbox 299 2869 348 2921; x_wconf 85' lang='lat' dir='ltr'><strong>Ma.</strong></span> <span class='ocrx_word' id='word_1_181' title='bbox 366 2867 411 2922; x_wconf 83' lang='lat' dir='ltr'><strong>Ba.</strong></span> <span class='ocrx_word' id='word_1_182' title='bbox 448 2868 544 2934; x_wconf 67' lang='lat' dir='ltr'><strong>invit.</strong></span> <span class='ocrx_word' id='word_1_183' title='bbox 564 2868 662 2934; x_wconf 84' lang='lat' dir='ltr'><strong>loel2,</strong></span> <span class='ocrx_word' id='word_1_184' title='bbox 682 2867 722 2921; x_wconf 84' lang='lat'><strong>12.</strong></span> <span class='ocrx_word' id='word_1_185' title='bbox 759 2869 789 2938; x_wconf 82' lang='lat' dir='ltr'><strong>t)</strong></span> <span class='ocrx_word' id='word_1_186' title='bbox 807 2873 899 2939; x_wconf 80' lang='lat' dir='ltr'><strong>inquid</strong></span> <span class='ocrx_word' id='word_1_187' title='bbox 916 2871 1014 2937; x_wconf 73' lang='lat' dir='ltr'><strong>pudic.</strong></span> <span class='ocrx_word' id='word_1_188' title='bbox 1045 2872 1112 2927; x_wconf 85' lang='lat' dir='ltr'><strong>Dein</strong></span> 
     </span>
     <span class='ocr_line' id='line_1_23' title="bbox 88 2957 1112 3015; baseline 0.001 -2"><span class='ocrx_word' id='word_1_189' title='bbox 88 2978 124 3014; x_wconf 72' lang='lat' dir='ltr'><strong>ece</strong></span> <span class='ocrx_word' id='word_1_190' title='bbox 142 2969 195 3013; x_wconf 89' lang='lat' dir='ltr'><strong>tcto</strong></span> <span class='ocrx_word' id='word_1_191' title='bbox 215 2962 293 3013; x_wconf 85' lang='lat' dir='ltr'><strong>eorde</strong></span> <span class='ocrx_word' id='word_1_192' title='bbox 310 2968 398 3013; x_wconf 84' lang='lat' dir='ltr'><strong>vestro</strong></span> <span class='ocrx_word' id='word_1_193' title='bbox 423 2967 448 3012; x_wconf 90' lang='lat' dir='ltr'><strong>et</strong></span> <span class='ocrx_word' id='word_1_194' title='bbox 472 2967 508 3012; x_wconf 73' lang='lat' dir='ltr'><strong>ed</strong></span> <span class='ocrx_word' id='word_1_195' title='bbox 531 2966 585 3011; x_wconf 87' lang='lat' dir='ltr'><strong>tcta</strong></span> <span class='ocrx_word' id='word_1_196' title='bbox 610 2961 699 3012; x_wconf 82' lang='lat' dir='ltr'><strong>animo</strong></span> <span class='ocrx_word' id='word_1_197' title='bbox 722 2967 814 3012; x_wconf 83' lang='lat' dir='ltr'><strong>vestra</strong></span> <span class='ocrx_word' id='word_1_198' title='bbox 839 2957 917 3009; x_wconf 89' lang='lat' dir='ltr'><strong>babet</strong></span> <span class='ocrx_word' id='word_1_199' title='bbox 934 2957 985 3010; x_wconf 88' lang='lat' dir='ltr'><strong>lllb.</strong></span> <span class='ocrx_word' id='word_1_200' title='bbox 1021 2959 1112 3015; x_wconf 86' lang='lat' dir='ltr'><strong>Partic.</strong></span> 
     </span>
     <span class='ocr_line' id='line_1_24' title="bbox 88 3043 1112 3114; baseline -0.002 -14"><span class='ocrx_word' id='word_1_201' title='bbox 88 3055 112 3100; x_wconf 84' lang='lat' dir='ltr'><strong>et</strong></span> <span class='ocrx_word' id='word_1_202' title='bbox 130 3053 191 3098; x_wconf 83' lang='lat' dir='ltr'><strong>ente</strong></span> <span class='ocrx_word' id='word_1_203' title='bbox 211 3049 311 3100; x_wconf 79' lang='lat' dir='ltr'><strong>ieiunio</strong></span> <span class='ocrx_word' id='word_1_204' title='bbox 330 3059 379 3096; x_wconf 91' lang='lat' dir='ltr'><strong>om.</strong></span> <span class='ocrx_word' id='word_1_205' title='bbox 400 3044 435 3096; x_wconf 89' lang='lat' dir='ltr'><strong>Ba</strong></span> <span class='ocrx_word' id='word_1_206' title='bbox 455 3043 528 3100; x_wconf 62' lang='grc' dir='ltr'><strong>οιΑ.</strong></span> <span class='ocrx_word' id='word_1_207' title='bbox 564 3043 592 3094; x_wconf 92' lang='lat' dir='ltr'><strong>ln</strong></span> <span class='ocrx_word' id='word_1_208' title='bbox 610 3044 660 3096; x_wconf 92' lang='lat' dir='ltr'><strong>boc</strong></span> <span class='ocrx_word' id='word_1_209' title='bbox 683 3043 747 3097; x_wconf 92' lang='lat' dir='ltr'><strong>libro</strong></span> <span class='ocrx_word' id='word_1_210' title='bbox 771 3052 831 3112; x_wconf 90' lang='lat' dir='ltr'><strong>post</strong></span> <span class='ocrx_word' id='word_1_211' title='bbox 853 3047 953 3098; x_wconf 79' lang='lat' dir='ltr'><strong>ieiunio</strong></span> <span class='ocrx_word' id='word_1_212' title='bbox 977 3062 1112 3114; x_wconf 86' lang='lat' dir='ltr'><strong>perperam</strong></span> 
     </span>
     <span class='ocr_line' id='line_1_25' title="bbox 87 3133 1113 3202; baseline 0.003 -18"><span class='ocrx_word' id='word_1_213' title='bbox 87 3141 237 3202; x_wconf 89' lang='lat' dir='ltr'><strong>repetuntur</strong></span> <span class='ocrx_word' id='word_1_214' title='bbox 249 3133 328 3184; x_wconf 85' lang='lat' dir='ltr'><strong>rerba</strong></span> <span class='ocrx_word' id='word_1_215' title='bbox 345 3148 510 3202; x_wconf 83' lang='lat' dir='ltr'><strong>praegressa:</strong></span> <span class='ocrx_word' id='word_1_216' title='bbox 531 3135 596 3186; x_wconf 89' lang='lat' dir='ltr'><strong>dicit</strong></span> <span class='ocrx_word' id='word_1_217' title='bbox 612 3135 686 3200; x_wconf 84' lang='lat' dir='ltr'><strong>ipae.-</strong></span> <span class='ocrx_word' id='word_1_218' title='bbox 705 3134 890 3200; x_wconf 78' lang='lat' dir='ltr'><strong>Reuertimini,</strong></span> <span class='ocrx_word' id='word_1_219' title='bbox 908 3135 1002 3200; x_wconf 78' lang='lat' dir='ltr'><strong>inquit,</strong></span> <span class='ocrx_word' id='word_1_220' title='bbox 1023 3137 1057 3186; x_wconf 85' lang='lat' dir='ltr'><strong>ed</strong></span> <span class='ocrx_word' id='word_1_221' title='bbox 1072 3151 1113 3187; x_wconf 89' lang='lat' dir='ltr'><strong>me</strong></span> 
     </span>
    </p>

    <p class='ocr_par' dir='ltr' id='par_1_9' title="bbox 37 3218 1112 4068">
     <span class='ocr_line' id='line_1_26' title="bbox 37 3218 1112 3290; baseline -0.005 -13"><span class='ocrx_word' id='word_1_222' title='bbox 37 3274 40 3278; x_wconf 83' lang='lat'><strong>.</strong></span> <span class='ocrx_word' id='word_1_223' title='bbox 87 3226 111 3275; x_wconf 93' lang='lat' dir='ltr'><strong>iu</strong></span> <span class='ocrx_word' id='word_1_224' title='bbox 129 3220 186 3274; x_wconf 89' lang='lat' dir='ltr'><strong>eod.</strong></span> <span class='ocrx_word' id='word_1_225' title='bbox 205 3219 236 3272; x_wconf 78' lang='grc' dir='ltr'><strong>Α.</strong></span> <span class='ocrx_word' id='word_1_226' title='bbox 274 3218 351 3271; x_wconf 80' lang='lat' dir='ltr'><strong>Voce.</strong></span> <span class='ocrx_word' id='word_1_227' title='bbox 371 3230 395 3273; x_wconf 88' lang='lat' dir='ltr'><strong>ct</strong></span> <span class='ocrx_word' id='word_1_228' title='bbox 410 3224 518 3290; x_wconf 78' lang='lat' dir='ltr'><strong>planctu</strong></span> <span class='ocrx_word' id='word_1_229' title='bbox 537 3235 586 3271; x_wconf 94' lang='lat' dir='ltr'><strong>om.</strong></span> <span class='ocrx_word' id='word_1_230' title='bbox 606 3218 655 3271; x_wconf 85' lang='lat' dir='ltr'><strong>bib.</strong></span> <span class='ocrx_word' id='word_1_231' title='bbox 691 3218 740 3270; x_wconf 91' lang='lat' dir='ltr'><strong>Pro</strong></span> <span class='ocrx_word' id='word_1_232' title='bbox 758 3222 881 3285; x_wconf 82' lang='lat' dir='ltr'><strong>scindite,</strong></span> <span class='ocrx_word' id='word_1_233' title='bbox 903 3219 971 3286; x_wconf 87' lang='lat' dir='ltr'><strong>quod</strong></span> <span class='ocrx_word' id='word_1_234' title='bbox 991 3218 1112 3272; x_wconf 82' lang='lat' dir='ltr'><strong>exhibent</strong></span> 
     </span>
     <span class='ocr_line' id='line_1_27' title="bbox 88 3305 1111 3382; baseline 0 -22"><span class='ocrx_word' id='word_1_235' title='bbox 88 3309 147 3360; x_wconf 88' lang='lat' dir='ltr'><strong>edd.</strong></span> <span class='ocrx_word' id='word_1_236' title='bbox 171 3306 262 3358; x_wconf 84' lang='lat' dir='ltr'><strong>Venet.</strong></span> <span class='ocrx_word' id='word_1_237' title='bbox 291 3308 313 3360; x_wconf 88' lang='lat' dir='ltr'><strong>l.</strong></span> <span class='ocrx_word' id='word_1_238' title='bbox 338 3307 361 3359; x_wconf 88' lang='lat'><strong>2.</strong></span> <span class='ocrx_word' id='word_1_239' title='bbox 389 3307 509 3360; x_wconf 83' lang='lat' dir='ltr'><strong>liuventr.</strong></span> <span class='ocrx_word' id='word_1_240' title='bbox 536 3308 616 3360; x_wconf 83' lang='lat' dir='ltr'><strong>Kurra.</strong></span> <span class='ocrx_word' id='word_1_241' title='bbox 647 3305 772 3358; x_wconf 85' lang='lat' dir='ltr'><strong>llembolt.</strong></span> <span class='ocrx_word' id='word_1_242' title='bbox 799 3314 825 3356; x_wconf 94' lang='lat' dir='ltr'><strong>et</strong></span> <span class='ocrx_word' id='word_1_243' title='bbox 847 3305 902 3358; x_wconf 89' lang='lat' dir='ltr'><strong>rell.</strong></span> <span class='ocrx_word' id='word_1_244' title='bbox 930 3305 986 3357; x_wconf 83' lang='lat' dir='ltr'><strong>iere</strong></span> <span class='ocrx_word' id='word_1_245' title='bbox 1013 3322 1111 3382; x_wconf 85' lang='lat' dir='ltr'><strong>omues,</strong></span> 
     </span>
     <span class='ocr_line' id='line_1_28' title="bbox 86 3392 1108 3462; baseline -0.002 -16"><span class='ocrx_word' id='word_1_246' title='bbox 86 3393 266 3462; x_wconf 85' lang='lat' dir='ltr'><strong>praeeuntibus</strong></span> <span class='ocrx_word' id='word_1_247' title='bbox 283 3394 354 3448; x_wconf 92' lang='lat' dir='ltr'><strong>libris</strong></span> <span class='ocrx_word' id='word_1_248' title='bbox 367 3393 416 3446; x_wconf 86' lang='lat' dir='ltr'><strong>blb.</strong></span> <span class='ocrx_word' id='word_1_249' title='bbox 429 3393 483 3447; x_wconf 77' lang='lat' dir='ltr'><strong>sab</strong></span> <span class='ocrx_word' id='word_1_250' title='bbox 503 3403 529 3447; x_wconf 89' lang='lat' dir='ltr'><strong>et</strong></span> <span class='ocrx_word' id='word_1_251' title='bbox 541 3395 571 3460; x_wconf 74' lang='lat' dir='ltr'><strong>A,</strong></span> <span class='ocrx_word' id='word_1_252' title='bbox 590 3397 651 3447; x_wconf 90' lang='lat' dir='ltr'><strong>item</strong></span> <span class='ocrx_word' id='word_1_253' title='bbox 670 3393 728 3446; x_wconf 92' lang='lat' dir='ltr'><strong>edd.</strong></span> <span class='ocrx_word' id='word_1_254' title='bbox 748 3409 786 3461; x_wconf 91' lang='lat' dir='ltr'><strong>pr.</strong></span> <span class='ocrx_word' id='word_1_255' title='bbox 805 3401 881 3460; x_wconf 88' lang='lat' dir='ltr'><strong>atque</strong></span> <span class='ocrx_word' id='word_1_256' title='bbox 900 3392 999 3445; x_wconf 85' lang='lat' dir='ltr'><strong>Morell.</strong></span> <span class='ocrx_word' id='word_1_257' title='bbox 1019 3396 1108 3461; x_wconf 81' lang='lat' dir='ltr'><strong>scripsi</strong></span> 
     </span>
     <span class='ocr_line' id='line_1_29' title="bbox 87 3479 1110 3552; baseline -0.002 -16"><span class='ocrx_word' id='word_1_258' title='bbox 87 3485 229 3537; x_wconf 83' lang='lat' dir='ltr'><strong>discindite</strong></span> <span class='ocrx_word' id='word_1_259' title='bbox 247 3487 316 3550; x_wconf 87' lang='lat' dir='ltr'><strong>(nam</strong></span> <span class='ocrx_word' id='word_1_260' title='bbox 335 3485 360 3534; x_wconf 90' lang='lat' dir='ltr'><strong>in</strong></span> <span class='ocrx_word' id='word_1_261' title='bbox 372 3481 461 3534; x_wconf 86' lang='lat' dir='ltr'><strong>Graec.</strong></span> <span class='ocrx_word' id='word_1_262' title='bbox 477 3491 515 3534; x_wconf 86' lang='lat' dir='ltr'><strong>eet</strong></span> <span class='ocrx_word' id='word_1_263' title='bbox 532 3480 690 3552; x_wconf 56' lang='lat' dir='ltr'><strong>insipidiori).</strong></span> <span class='ocrx_word' id='word_1_264' title='bbox 722 3481 758 3532; x_wconf 86' lang='lat' dir='ltr'><strong>ltu</strong></span> <span class='ocrx_word' id='word_1_265' title='bbox 777 3480 859 3548; x_wconf 91' lang='lat' dir='ltr'><strong>primo</strong></span> <span class='ocrx_word' id='word_1_266' title='bbox 879 3479 1016 3548; x_wconf 76' lang='lat' dir='ltr'><strong>legebatur</strong></span> <span class='ocrx_word' id='word_1_267' title='bbox 1034 3484 1110 3534; x_wconf 88' lang='lat' dir='ltr'><strong>etiam</strong></span> 
     </span>
     <span class='ocr_line' id='line_1_30' title="bbox 86 3566 1111 3640; baseline 0 -20"><span class='ocrx_word' id='word_1_268' title='bbox 86 3573 112 3622; x_wconf 92' lang='lat' dir='ltr'><strong>in</strong></span> <span class='ocrx_word' id='word_1_269' title='bbox 130 3569 194 3622; x_wconf 84' lang='lat' dir='ltr'><strong>blac.</strong></span> <span class='ocrx_word' id='word_1_270' title='bbox 213 3572 354 3640; x_wconf 63' lang='lat' dir='ltr'><strong>discindite</strong></span> <span class='ocrx_word' id='word_1_271' title='bbox 378 3566 455 3620; x_wconf 84' lang='lat' dir='ltr'><strong>hebet</strong></span> <span class='ocrx_word' id='word_1_272' title='bbox 479 3569 537 3621; x_wconf 92' lang='lat' dir='ltr'><strong>cod.</strong></span> <span class='ocrx_word' id='word_1_273' title='bbox 556 3569 596 3621; x_wconf 89' lang='lat' dir='ltr'><strong>W.</strong></span> <span class='ocrx_word' id='word_1_274' title='bbox 633 3567 693 3620; x_wconf 87' lang='lat' dir='ltr'><strong>Post</strong></span> <span class='ocrx_word' id='word_1_275' title='bbox 717 3571 874 3624; x_wconf 79' lang='lat' dir='ltr'><strong>vestimenta</strong></span> <span class='ocrx_word' id='word_1_276' title='bbox 894 3568 968 3620; x_wconf 87' lang='lat' dir='ltr'><strong>abeat</strong></span> <span class='ocrx_word' id='word_1_277' title='bbox 986 3579 1077 3623; x_wconf 82' lang='lat' dir='ltr'><strong>oestro</strong></span> <span class='ocrx_word' id='word_1_278' title='bbox 1096 3586 1111 3620; x_wconf 90' lang='lat' dir='ltr'><strong>a</strong></span> 
     </span>
     <span class='ocr_line' id='line_1_31' title="bbox 87 3655 1110 3726; baseline 0 -18"><span class='ocrx_word' id='word_1_279' title='bbox 87 3658 127 3710; x_wconf 93' lang='lat' dir='ltr'><strong>W.</strong></span> <span class='ocrx_word' id='word_1_280' title='bbox 147 3656 187 3707; x_wconf 85' lang='lat' dir='ltr'><strong>lla</strong></span> <span class='ocrx_word' id='word_1_281' title='bbox 206 3664 231 3708; x_wconf 94' lang='lat' dir='ltr'><strong>et</strong></span> <span class='ocrx_word' id='word_1_282' title='bbox 250 3657 302 3722; x_wconf 91' lang='lat' dir='ltr'><strong>Ba,</strong></span> <span class='ocrx_word' id='word_1_283' title='bbox 327 3659 438 3725; x_wconf 87' lang='lat' dir='ltr'><strong>itemque</strong></span> <span class='ocrx_word' id='word_1_284' title='bbox 463 3656 494 3708; x_wconf 87' lang='lat' dir='ltr'><strong>ab</strong></span> <span class='ocrx_word' id='word_1_285' title='bbox 519 3659 629 3726; x_wconf 80' lang='lat' dir='ltr'><strong>antiquis</strong></span> <span class='ocrx_word' id='word_1_286' title='bbox 655 3656 738 3708; x_wconf 89' lang='lat' dir='ltr'><strong>editis.</strong></span> <span class='ocrx_word' id='word_1_287' title='bbox 774 3655 803 3723; x_wconf 86' lang='grc'><strong>5)</strong></span> <span class='ocrx_word' id='word_1_288' title='bbox 823 3659 900 3708; x_wconf 85' lang='lat' dir='ltr'><strong>corde</strong></span> <span class='ocrx_word' id='word_1_289' title='bbox 918 3664 969 3709; x_wconf 87' lang='lat' dir='ltr'><strong>toto</strong></span> <span class='ocrx_word' id='word_1_290' title='bbox 988 3655 1034 3708; x_wconf 84' lang='lat' dir='ltr'><strong>Rb.</strong></span> <span class='ocrx_word' id='word_1_291' title='bbox 1070 3655 1110 3708; x_wconf 77' lang='lat' dir='ltr'><strong>Ad</strong></span> 
     </span>
     <span class='ocr_line' id='line_1_32' title="bbox 87 3741 1110 3814; baseline -0.003 -16"><span class='ocrx_word' id='word_1_292' title='bbox 87 3761 112 3798; x_wconf 85' lang='lat' dir='ltr'><strong>v.</strong></span> <span class='ocrx_word' id='word_1_293' title='bbox 130 3749 201 3799; x_wconf 83' lang='lat' dir='ltr'><strong>irem</strong></span> <span class='ocrx_word' id='word_1_294' title='bbox 225 3744 323 3797; x_wconf 81' lang='lat' dir='ltr'><strong>additur</strong></span> <span class='ocrx_word' id='word_1_295' title='bbox 348 3749 407 3799; x_wconf 82' lang='lat' dir='ltr'><strong>eius</strong></span> <span class='ocrx_word' id='word_1_296' title='bbox 431 3745 456 3795; x_wconf 90' lang='lat' dir='ltr'><strong>iu</strong></span> <span class='ocrx_word' id='word_1_297' title='bbox 480 3743 528 3797; x_wconf 84' lang='lat' dir='ltr'><strong>Mc.</strong></span> <span class='ocrx_word' id='word_1_298' title='bbox 571 3744 632 3795; x_wconf 90' lang='lat' dir='ltr'><strong>Tum</strong></span> <span class='ocrx_word' id='word_1_299' title='bbox 656 3754 680 3797; x_wconf 93' lang='lat' dir='ltr'><strong>et</strong></span> <span class='ocrx_word' id='word_1_300' title='bbox 705 3745 810 3814; x_wconf 67' lang='lat' dir='ltr'><strong>fletibus</strong></span> <span class='ocrx_word' id='word_1_301' title='bbox 835 3742 921 3794; x_wconf 87' lang='lat' dir='ltr'><strong>scribit</strong></span> <span class='ocrx_word' id='word_1_302' title='bbox 939 3741 996 3807; x_wconf 85' lang='lat' dir='ltr'><strong>tid,</strong></span> <span class='ocrx_word' id='word_1_303' title='bbox 1025 3750 1051 3794; x_wconf 89' lang='lat' dir='ltr'><strong>et</strong></span> <span class='ocrx_word' id='word_1_304' title='bbox 1076 3745 1110 3796; x_wconf 83' lang='lat' dir='ltr'><strong>ita</strong></span> 
     </span>
     <span class='ocr_line' id='line_1_33' title="bbox 88 3828 1110 3905; baseline -0.001 -22"><span class='ocrx_word' id='word_1_305' title='bbox 88 3834 170 3900; x_wconf 94' lang='lat' dir='ltr'><strong>primo</strong></span> <span class='ocrx_word' id='word_1_306' title='bbox 190 3831 327 3884; x_wconf 81' lang='lat' dir='ltr'><strong>exhibebat</strong></span> <span class='ocrx_word' id='word_1_307' title='bbox 344 3833 399 3897; x_wconf 80' lang='lat' dir='ltr'><strong>ble3</strong></span> <span class='ocrx_word' id='word_1_308' title='bbox 425 3843 451 3886; x_wconf 88' lang='lat' dir='ltr'><strong>et</strong></span> <span class='ocrx_word' id='word_1_309' title='bbox 471 3836 623 3905; x_wconf 76' lang='lat' dir='ltr'><strong>planctibus</strong></span> <span class='ocrx_word' id='word_1_310' title='bbox 648 3831 741 3902; x_wconf 85' lang='lat' dir='ltr'><strong>legitur</strong></span> <span class='ocrx_word' id='word_1_311' title='bbox 765 3832 791 3882; x_wconf 92' lang='lat' dir='ltr'><strong>in</strong></span> <span class='ocrx_word' id='word_1_312' title='bbox 816 3829 873 3882; x_wconf 89' lang='lat' dir='ltr'><strong>edd.</strong></span> <span class='ocrx_word' id='word_1_313' title='bbox 893 3828 1015 3881; x_wconf 87' lang='lat' dir='ltr'><strong>Daveutr.</strong></span> <span class='ocrx_word' id='word_1_314' title='bbox 1035 3828 1110 3882; x_wconf 84' lang='lat' dir='ltr'><strong>Grav.</strong></span> 
     </span>
     <span class='ocr_line' id='line_1_34' title="bbox 87 3915 1110 3989; baseline -0.002 -17"><span class='ocrx_word' id='word_1_315' title='bbox 87 3929 164 3989; x_wconf 85' lang='lat' dir='ltr'><strong>atque</strong></span> <span class='ocrx_word' id='word_1_316' title='bbox 190 3919 288 3973; x_wconf 85' lang='lat' dir='ltr'><strong>Morell.</strong></span> <span class='ocrx_word' id='word_1_317' title='bbox 339 3919 398 3972; x_wconf 82' lang='lat' dir='ltr'><strong>Mox</strong></span> <span class='ocrx_word' id='word_1_318' title='bbox 425 3931 553 3975; x_wconf 81' lang='lat' dir='ltr'><strong>ammonet</strong></span> <span class='ocrx_word' id='word_1_319' title='bbox 576 3921 623 3986; x_wconf 84' lang='lat' dir='ltr'><strong>W3</strong></span> <span class='ocrx_word' id='word_1_320' title='bbox 653 3917 773 3976; x_wconf 81' lang='lat' dir='ltr'><strong>admonet</strong></span> <span class='ocrx_word' id='word_1_321' title='bbox 799 3919 854 3988; x_wconf 83' lang='lat' dir='ltr'><strong>ipsi</strong></span> <span class='ocrx_word' id='word_1_322' title='bbox 878 3919 1033 3988; x_wconf 81' lang='lat' dir='ltr'><strong>placeamus</strong></span> <span class='ocrx_word' id='word_1_323' title='bbox 1059 3915 1110 3970; x_wconf 85' lang='lat' dir='ltr'><strong>Mb.</strong></span> 
     </span>
     <span class='ocr_line' id='line_1_35' title="bbox 88 4005 594 4068; baseline 0.002 -7"><span class='ocrx_word' id='word_1_324' title='bbox 88 4011 246 4068; x_wconf 74' lang='lat' dir='ltr'><strong>Ptaccamos</strong></span> <span class='ocrx_word' id='word_1_325' title='bbox 265 4008 341 4068; x_wconf 79' lang='lat' dir='ltr'><strong>etiam</strong></span> <span class='ocrx_word' id='word_1_326' title='bbox 360 4007 393 4061; x_wconf 95' lang='lat' dir='ltr'><strong>W</strong></span> <span class='ocrx_word' id='word_1_327' title='bbox 412 4014 439 4064; x_wconf 75' lang='lat' dir='ltr'><strong>et</strong></span> <span class='ocrx_word' id='word_1_328' title='bbox 456 4005 487 4062; x_wconf 74' lang='lat' dir='ltr'><strong>d.</strong></span> <span class='ocrx_word' id='word_1_329' title='bbox 588 4011 594 4020; x_wconf 85' lang='grc'><em>“</em></span> 
     </span>
    </p>
   </div>
   <div class='ocr_carea' id='block_1_6' title="bbox 0 0 1442 4806">
    <p class='ocr_par' dir='ltr' id='par_1_10' title="bbox 0 0 1442 4806">
     <span class='ocr_line' id='line_1_36' title="bbox 0 0 1442 4806; baseline 0 2"><span class='ocrx_word' id='word_1_330' title='bbox 0 0 1442 4806; x_wconf 95' lang='lat' dir='ltr'><strong> </strong></span> 
     </span>
    </p>
   </div>
  </div>
 </body>
</html>
