2872 4806
811 429 852 496 16

322 595 421 668 tenet,
452 605 515 654 nou
539 593 620 652 tenet
643 588 734 671 patris
757 597 787 652 et
809 591 860 654 tilii
882 590 988 672 fidem,
1010 592 1099 655 mum
1121 591 1287 657 non'teuet
1309 593 1340 654 et

322 705 455 768 satutem.

807 907 864 972 vt.

411 1049 475 1114 Hoc
492 1049 515 1127 ¹)
535 1052 654 1112 unitatis
669 1058 897 1129 sacramentum,
920 1052 978 1114 hoo
994 1053 1143 1116 vinculum
1159 1051 1341 1115 concordiae

323 1164 560 1247 inseparabiliter
582 1165 773 1228 cohaerentis
796 1165 972 1244 ostenditur,
996 1168 1116 1246 quando
1135 1168 1165 1228 in
1180 1167 1340 1249 evangetio

296 1280 421 1341 stunica
444 1278 554 1341 domini
570 1277 597 1356 Ἰ)
620 1279 687 1342 lesu
711 1280 818 1341 Christi
848 1299 910 1342 nnn
941 1280 1081 1342 dividitur
1111 1281 1249 1358 omnino,
1282 1300 1341 1342 nec

323 1394 475 1470 scinditur,
495 1391 550 1454 sed
565 1393 759 1456 sortientibus
776 1393 814 1454 de
830 1399 916 1454 veste
931 1393 1049 1470 Christi,
1067 1397 1134 1474 quis
1147 1391 1175 1471 3)
1191 1395 1340 1456 Christum

318 1496 421 1588 'potius
442 1507 600 1584 indueret,
632 1479 749 1588 integre
778 1508 871 1569 vestis
900 1509 1045 1588 accipitur
1067 1515 1097 1569 et
1113 1507 1142 1584 ⁴)
1164 1509 1339 1601 incorrupta

323 1627 410 1702 atque
432 1620 559 1684 indivisa
581 1622 680 1682 tunica
702 1621 882 1701 possidehnr.
928 1622 1072 1701 Loquitur
1101 1641 1137 1684 ac
1167 1621 1237 1685 dicit
1258 1622 1339 1684 scri-

323 1742 410 1815 ptura
424 1733 522 1795 diviua
533 1730 579 1810 5):
595 1733 641 1794 De
657 1733 763 1794 tunica
777 1741 887 1809 autem,
904 1735 979 1812 quia
993 1735 1031 1795 de
1042 1737 1201 1814 superiore
1209 1744 1299 1816 purte
1310 1732 1339 1812 ⁶)

285 1868 311 1912 to
324 1868 386 1909 oon
407 1848 584 1921 consutilis,
615 1847 671 1908 sed
695 1865 754 1925 per
781 1854 873 1908 tobim
902 1849 1161 1928 emolesceret,
1193 1851 1340 1913 dicerent

324 1965 368 2026 ud
387 1965 534 2026 inuicem:
564 1963 635 2024 Non
661 1962 836 2024 scindamus
862 1963 946 2024 iilum
964 1957 1008 2040 ⁷),
1038 1965 1096 2026 sed
1116 1966 1282 2028 sortimner
1302 1965 1339 2026 de

325 2099 372 2155 eu,
396 2079 484 2141 ccicc
505 2079 554 2140 sit.
593 2077 739 2138 Unitatem
761 2071 849 2155 ilia⁸)
872 2079 1009 2158 portabat
1028 2078 1066 2140 de
1082 2081 1241 2162 superiore
1256 2085 1338 2161 parte

326 2309 375 2351 tem
393 2315 439 2350 sex
457 2298 567 2366 Angiici,
585 2314 649 2366 quos
666 2305 768 2348 secutus
787 2304 826 2347 cst
843 2296 862 2346 F
865 2296 943 2378 ellus,
962 2300 1044 2350 citum
1062 2307 1086 2350 et
1104 2314 1157 2348 nou
1174 2306 1241 2350 tenet
1259 2299 1339 2350 suia-

326 2396 376 2440 tem
394 2388 475 2454 primo
494 2385 630 2437 exhibebat
648 2385 702 2448 blc;
724 2401 773 2437 uec
794 2387 907 2437 salutem
926 2384 1000 2434 offert
1018 2385 1059 2436 ed.
1078 2384 1201 2436 Deventr.

395 2492 437 2544 Vl.
459 2494 485 2558 1)
506 2496 560 2546 Hae
573 2499 599 2542 et
611 2507 671 2542 mox
684 2495 835 2544 coherentes
848 2487 879 2540 A.
909 2489 975 2563 bein
994 2492 1108 2542 ostendit
1127 2490 1174 2553 (ur
1190 2491 1276 2552 eraso)
1288 2487 1337 2539 bib.

901 2570 917 2602 s

326 2615 354 2682 2)
374 2619 473 2670 domini
490 2618 577 2669 nostri
594 2613 662 2664 dibd.
682 2613 726 2666 Ba.
745 2612 775 2663 h.
818 2611 846 2677 3)
865 2615 911 2681 qui
930 2613 960 2675 (s
975 2610 1007 2662 ab
1027 2610 1059 2662 al.
1080 2627 1112 2662 nn.
1132 2613 1271 2677 superscr.)
1291 2609 1338 2674 hib,

239 2729 242 2734 ·
326 2709 371 2774 qui
389 2705 435 2756 hic.
470 2702 536 2754 Dein
560 2718 606 2770 pro
631 2705 768 2757 Christum
791 2698 813 2750 Α
837 2703 934 2769 ipsum·
970 2697 1033 2748 Item
1057 2699 1117 2750 edd.
1136 2697 1228 2750 Manat.
1246 2696 1339 2749 Pamel.

326 2793 417 2862 Rigalt.
436 2790 516 2844 Oxou.
551 2791 655 2842 inverso
674 2790 763 2840 ordine
780 2791 872 2857 potius
890 2786 960 2854 ,hp'm
978 2787 1020 2836 ed.
1039 2786 1159 2838 Dnventr.
1202 2785 1232 2847 4)
1251 2797 1274 2839 et
1292 2801 1339 2835 om.

327 2878 382 2943 hid,
410 2888 436 2930 ut
459 2887 521 2930 vett.
545 2877 604 2929 edd.
640 2876 701 2927 hum
727 2883 857 2942 corr-upte¹
877 2873 964 2924 scribit
989 2873 1034 2924 Bh.
1070 2872 1185 2924 Proxime
1212 2876 1340 2934 indiuisa,

326 2967 393 3035 quod
410 2983 457 3035 pro
476 2950 614 3020 individua
632 2966 682 3029 (sic
700 2977 801 3032 qnoque
814 2961 845 3011 W
862 2969 889 3011 et
901 2961 970 3025 Med)
991 2963 1085 3028 primus
1104 2977 1119 3012 c
1139 2959 1214 3012 codd.
1233 2959 1342 3009 restituit

325 3051 452 3118 Boionius,
471 3053 618 3106 confirmant
636 3051 694 3103 Ver.
714 3051 738 3101 2.
758 3050 823 3100 dibc.
842 3047 904 3100 Bab.
924 3049 953 3100 Α.
998 3050 1026 3113 5)
1046 3052 1137 3103 divina
1155 3051 1293 3116 scriptura
1312 3045 1341 3097 Α.

326 3139 688 3205 viu.toann.1a‚23-2t.
741 3139 770 3200 6)
796 3141 827 3192 de
850 3141 988 3204 superiori
1013 3138 1079 3202 (sine
1103 3137 1188 3205 purte)
1210 3133 1241 3186 rh
1277 3133 1341 3184 Dein

326 3233 483 3284 consubtilis
501 3228 554 3294 Bb,
575 3230 717 3282 consutilis
735 3235 792 3279 erut
811 3224 860 3275 Mb.
897 3223 924 3289 7)
944 3243 1000 3279 eum
1020 3223 1078 3276 cdd.
1098 3231 1156 3274 ante
1174 3221 1342 3272 hianutianam

326 3331 422 3371 omnes.
459 3315 521 3367 Turn
547 3319 694 3369 sortiemur
718 3313 776 3362 cod.
795 3310 843 3361 hie.
879 3309 927 3362 Pro
948 3316 983 3380 ‘de
1004 3329 1035 3365 ea
1056 3310 1094 3362 Bb
1120 3318 1145 3362 et
1169 3309 1209 3362 bic
1233 3314 1264 3364 rte
1287 3315 1342 3364 itta.

326 3430 354 3497 8)
373 3435 419 3485 ilie
438 3429 480 3494 W,
503 3397 552 3482 itti
570 3427 651 3478 hiabc.
669 3425 732 3477 Bab.
751 3423 789 3489 A,
812 3427 873 3475 item
892 3422 948 3475 edd.
967 3421 1136 3474 Pamclienam
1154 3421 1342 3473 antecedentes.

326 3517 384 3570 biox
397 3519 534 3584 superiori
545 3514 594 3566 bib.
625 3513 652 3563 ln
670 3528 741 3580 seqq.
759 3520 784 3564 et
800 3513 952 3580 possidente
965 3508 1005 3560 W.
1025 3508 1072 3560 hia.
1089 3508 1113 3559 A
1131 3527 1153 3561 c.
1167 3508 1207 3560 cd.
1221 3508 1342 3561 Darentr.

325 3602 405 3656 Paulo
429 3611 487 3672 post
513 3613 592 3658 totam
615 3604 698 3655 semel
716 3599 756 3650 W.
775 3597 841 3648 bibo.
860 3595 922 3648 Bab.
941 3597 973 3648 Α.
1010 3596 1099 3648 Statim
1124 3615 1155 3651 cc
1179 3601 1292 3652 solidum
1311 3597 1340 3648 Α.

327 3691 389 3743 Tum
409 3695 538 3761 optinebat
557 3688 597 3739 W.
615 3687 666 3739 Mb.
686 3685 730 3738 Be.
767 3685 806 3736 De
825 3701 874 3752 qua
899 3683 1024 3736 scribendi
1051 3686 1148 3737 ratione
1172 3685 1224 3736 vid.
1243 3681 1342 3736 Conr.

326 3778 423 3846 Leop.
442 3777 636 3830 Schneider.
660 3778 685 3825 in
709 3774 790 3838 libro,
818 3774 859 3824 cui
884 3773 970 3824 titulus
995 3781 1049 3824 est:
1077 3772 1253 3824 Austnhrliche
1277 3788 1342 3824 ver-

326 3867 442 3920 becserte
460 3863 612 3916 Grammatik
637 3863 682 3914 der
705 3861 747 3916 iat.
767 3860 887 3928 Sprache.
916 3859 1021 3913 Secti.
1047 3859 1074 3910 Τ.
1093 3860 1111 3912 1.
1137 3877 1163 3927 p.
1182 3859 1233 3910 217
1253 3876 1291 3928 aq.
1317 3867 1344 3910 et

326 3954 470 4021 Wagner
497 3949 667 4021 Orthograpb.
692 3948 789 4018 Vergil.
815 3951 841 4002 in
864 3948 951 4017 Virgii.
978 3946 1041 4016 Opp.
1070 3948 1110 4000 ed.
1128 3947 1212 4016 Heyu.
1238 3948 1292 4001 Vol.
1311 3948 1341 4000 V.

327 4058 353 4110 p.
373 4039 423 4092 413
441 4056 479 4108 aq.
