2874 4806
797 443 862 510 {60

321 594 403 660 seue
426 614 487 678 quo
509 599 587 663 malo
610 606 711 665 careat
734 603 857 685 etquid
879 604 952 668 boni
973 611 1073 670 teneat
1089 604 1118 686 ³)¹
1138 610 1328 674 continentiae

322 709 441 774 virtus?
491 712 725 794 Multiplioabo,
757 719 851 799 inquit
878 719 995 784 mulieri
1025 720 1099 784 deus
1115 718 1157 803 ⁴),
1191 725 1330 788 tristitias

320 831 393 887 tuos
414 832 445 887 et
464 828 594 906 percitus
618 836 698 910 taos,
723 839 753 893 ct
774 833 808 893 ia
828 833 959 898 tristitia
972 836 1083 914 parics
1094 837 1188 918 otios,
1213 846 1244 901 et
1257 859 1329 902 coa-

319 940 424 1002 versio
459 949 513 1006 tuo
545 945 588 1006 od
618 947 720 1008 ciram
756 954 840 1010 tuum
872 958 902 1012 et
934 949 1002 1030 ipso
1036 953 1082 1014 tui
1115 952 1330 1016 dominabitur.
1417 981 1418 1004 t

287 1071 307 1126 s
321 1052 383 1116 Vos
406 1054 444 1116 ab
465 1055 520 1119 hac
542 1060 690 1123 sententia
711 1060 825 1125 liberae
848 1065 930 1143 satia,
953 1082 1009 1130 vos
1032 1066 1189 1130 mulierum
1205 1066 1331 1130 tristitias
1417 1057 1418 1060 '

321 1174 351 1230 et
372 1171 500 1252 gemitus
521 1191 582 1237 non
605 1175 721 1238 timetis.
758 1176 863 1242 Nullus
879 1180 966 1244 vobis
990 1181 1028 1243 do
1050 1187 1137 1264 partu
1160 1181 1240 1244 circa
1264 1181 1331 1242 tilios
1417 1161 1418 1188 ³

319 1289 414 1348 metus
431 1282 458 1362 ⁵)
490 1294 552 1368 est,
583 1307 641 1353 nec
663 1291 785 1356 maritus
809 1299 856 1356 ast
882 1294 1037 1372 dominus3
1070 1297 1208 1361 dominus
1239 1302 1333 1360 vester

320 1402 350 1458 et
371 1405 458 1480 caput
482 1399 615 1465 Christus
645 1409 693 1465 est
721 1402 757 1466 ud
788 1405 880 1469 instar
912 1413 942 1470 et
973 1409 1070 1470 vicem
1100 1411 1225 1475 masculi
1232 1431 1242 1488 ;
1272 1425 1333 1474 sors

320 1514 407 1578 vobis
438 1519 469 1576 et
497 1515 634 1580 condicio
664 1521 829 1600 communis
860 1528 914 1584 est.
967 1522 1086 1586 Domini
1117 1543 1180 1588 vox
1213 1532 1260 1588 est
1291 1523 1334 1586 illa

282 1648 308 1691 ao
321 1626 446 1692 dicentis
458 1624 501 1706 6);
524 1629 600 1691 Filii
621 1633 741 1720 soeculi
762 1633 857 1696 liuius
869 1627 895 1711 7)
917 1643 1071 1716 perorant
1091 1645 1122 1700 et
1140 1633 1333 1719 procreator.
1417 1685 1418 1726 ᾗ

323 1741 384 1817 Qui
416 1750 517 1808 cotom
550 1745 717 1810 tabuerint
748 1748 959 1830 diputationem
991 1753 1111 1852 soeculi
1147 1754 1237 1817 iliius
1252 1749 1280 1831 8)
1311 1758 1336 1814 st

319 1861 560 1925 resurrectionis
582 1881 602 1924 o
625 1863 772 1941 mortuis,
795 1881 861 1927 ooo
884 1864 1020 1944 nubant,
1052 1886 1150 1949 oopus
1176 1866 1333 1931 matrimo-
1417 1859 1418 1862 ¹

320 1975 406 2036 aium
432 1974 573 2053 faciam&
606 1993 706 2056 nepae
738 1978 818 2039 caim
852 1978 1008 2058 incipient
1037 1981 1129 2044 mori.
1185 1979 1335 2061 Aequales

321 2089 402 2150 onim
424 2096 498 2152 suot
518 2091 640 2170 oppetis
664 2090 731 2168 rici,
760 2111 828 2155 com
859 2093 926 2155 siat
952 2094 1012 2176 filii
1028 2089 1055 2169 9)
1086 2095 1331 2158 resurrectionis.
1417 2103 1418 2182 p

281 2218 306 2262 ra
321 2203 409 2278 Quod
438 2203 530 2268 futuri
557 2220 660 2266 sunaus
689 2204 747 2266 iam
776 2221 833 2268 vos
860 2223 930 2269 esse
954 2207 1106 2288 coepistis.
1151 2206 1216 2269 Vos
1237 2223 1335 2268 rcsur-
1417 2223 1418 2304 p

320 2319 464 2381 rectionis
486 2318 614 2402 gloriam
636 2318 666 2380 in
690 2319 748 2381 isto
772 2320 895 2383 sacculo
918 2320 976 2382 iam
999 2319 1128 2399 tenetis,
1154 2338 1214 2403 per
1236 2337 1335 2384 saecu·
1417 2323 1418 2328 ’

320 2431 379 2494 ium
396 2427 437 2509 ¹⁰)
475 2432 541 2495 sine
578 2433 692 2496 saeculi
725 2435 907 2518 contagione
941 2413 1081 2498 transitis.
1137 2431 1212 2496 Cum
1246 2440 1335 2498 castae
1417 2477 1418 2506 p

391 2729 420 2797 3)
440 2732 569 2785 contineat
588 2729 638 2782 Mb.
673 2729 740 2782 Dein
759 2733 918 2784 rontinentia
934 2733 1047 2800 aptum
1059 2729 1107 2783 Mn
1144 2731 1174 2797 4)
1194 2735 1261 2786 douc
1278 2747 1333 2783 mo·
1417 2789 1418 2792 Ἴ

320 2820 383 2872 tisri
399 2817 441 2869 Fr.
459 2817 541 2872 Emm.
561 2818 584 2870 1.
621 2817 677 2871 Viri.
697 2816 836 2883 Genucii,
857 2817 898 2870 16.
934 2817 1013 2871 Paulo
1030 2826 1089 2886 post
1107 2827 1132 2872 ot
1148 2835 1211 2872 oum
1237 2817 1335 2872 tristitia

321 2906 381 2958 Ver.
418 2904 481 2956 Tum
504 2909 671 2960 conversatio
690 2902 732 2956 Fr.
751 2902 834 2956 Emm.
854 2903 877 2956 1.
922 2903 951 2972 5)
971 2903 1064 2956 Dcieto
1082 2904 1108 2956 h.
1127 2920 1153 2956 v.
1170 2905 1198 2956 in
1218 2905 1333 2956 Dibon

319 3011 390 3052 saec.
408 2994 472 3047 xltt.
490 2994 689 3063 superscriptum
707 2995 829 3062 pomitus.
858 2989 935 3043 'Tum
954 3000 1012 3059 post
1029 2995 1145 3046 moritus
1162 2979 1207 3043 Did
1226 3007 1276 3044 om.
1292 2996 1333 3044 cst.

322 3087 384 3153 Seri,
404 3083 473 3152 quod
492 3090 552 3134 anto
570 3084 693 3135 dominus
710 3088 799 3134 voster
816 3078 911 3145 primus
928 3079 1033 3130 inseruit
1048 3077 1184 3142 Pometios,
1205 3094 1256 3130 om.
1269 3072 1334 3128 codd.

323 3174 403 3226 n'astri
428 3187 525 3224 omnes.
570 3168 655 3233 Quare
677 3167 794 3236 expunxi.
837 3165 957 3220 Ceterum
975 3169 1042 3220 daus
1059 3181 1106 3233 pro
1125 3168 1251 3220 dominus
1267 3159 1335 3213 habet

320 3260 382 3312 ¹Ver.
418 3257 532 3310 uoxua
552 3254 749 3310 ottonom
784 3252 903 3306 Deletum
922 3257 956 3307 ort
973 3255 999 3304 iu
1016 3252 1063 3304 uc.
1101 3251 1204 3306 Deinde
1224 3250 1333 3305 condicio

323 3357 395 3402 recte
418 3347 474 3399 uad
501 3345 571 3399 ecn
596 3361 619 3395 c.
639 3344 679 3395 od.
699 3342 793 3395 Dicunt.
837 3340 894 3395 vid.
920 3341 1040 3409 Wagn.
1061 3340 1093 3392 de
1112 3339 1226 3408 orthogr.
1244 3331 1333 3403 Vergil.

322 3455 348 3506 p.
367 3437 427 3488 422.
475 3434 504 3503 6)
522 3432 582 3485 Luc.
603 3431 651 3497 20,
670 3429 793 3482 34-36.
842 3429 869 3498 ¹7)
893 3433 975 3484 huius
999 3429 1103 3484 saecuti
1119 3427 1188 3479 itha.
1232 3426 1292 3477 Tum
1314 3429 1334 3474 ot

323 3533 446 3598 ponerent
463 3522 494 3575 Α.
529 3521 607 3572 Varb.
625 3528 752 3591 pomorani
774 3517 814 3571 bis
839 3519 958 3586 scripturn
978 3519 1003 3569 in
1023 3515 1071 3568 Ma.
1117 3516 1145 3582 8)
1165 3514 1283 3569 intumit
1298 3506 1332 3558 W·

324 3613 390 3666 naa.
408 3611 449 3664 Fr.
463 3611 545 3663 Emm.
560 3611 584 3662 1.
604 3619 630 3662 ct
647 3627 686 3679 pr.
699 3609 740 3661 Mb
760 3626 781 3662 c.
802 3609 861 3661 aad.
880 3617 942 3662 vett.
960 3607 1085 3660 Remboit.
1104 3615 1130 3659 et
1147 3606 1245 3658 Erasm.
1274 3601 1332 3652 Dein

324 3704 430 3760 saecuti
451 3703 530 3755 iliius
554 3702 729 3770 diputationem
751 3697 793 3750 Fr.
811 3696 893 3749 Emm.
914 3695 951 3761 i.‚
978 3699 1128 3766 dipaitatam
1152 3694 1192 3746 od.
1217 3691 1331 3743 Devenit.

325 3791 384 3860 Seq.
403 3798 427 3843 ot
444 3805 463 3839 r.
484 3803 517 3838 m.
537 3802 612 3855 supra
636 3786 730 3839 adiecit
753 3786 779 3837 in
797 3784 845 3838 Mc.
882 3783 939 3836 Mox
962 3801 1016 3837 aaa
1039 3786 1150 3849 notuit,
1176 3798 1258 3850 aequo
1281 3795 1329 3830 aa·

325 3881 417 3932 icatur
442 3874 500 3927 cod.
524 3873 648 3936 Furens.;
674 3873 788 3943 Segnior.
815 3881 841 3926 et
865 3889 929 3924 unus
955 3871 1018 3923 alius
1038 3879 1112 3924 vetus
1130 3887 1182 3924 aon
1201 3871 1328 3921 outuatar

322 3973 419 4017 tantum
437 3972 504 4016 tosto
517 3961 630 4014 Baluzio.
660 3960 727 4014 Ante
744 3965 848 4032 faciunt
867 3962 892 4014 in
904 3960 928 4012 Α
941 3967 1095 4029 expunctum
1114 3965 1153 4010 cet
1171 3955 1329 4010 cmrtroiurt.

325 4049 426 4106 Deinde
448 4050 490 4104 ub
514 4059 541 4103 et
563 4051 603 4119 p'r.
620 4047 654 4100 W
670 4052 809 4120 incipiunt.
854 4048 884 4117 9)
909 4065 969 4103 cum
991 4049 1047 4117 pat
1065 4050 1122 4102 ciret
1145 4043 1177 4099 Α.
1222 4039 1267 4108 10)
1288 4049 1331 4106 par
