2866 4804
793 409 839 478 86

308 565 447 632 nostrum
467 570 506 632 de
529 569 590 646 tir,
614 569 668 648 qui
689 568 722 628 in
744 567 838 629 terris
861 567 1062 630 inhabitant?
1084 575 1114 632 et
1135 569 1333 649 requiescere

309 702 344 746 ac
371 684 541 764 patientiam
573 688 678 744 tenere
691 676 720 758 ⁸)
743 681 838 744 adhuc
859 682 1007 746 iubentur.
1050 683 1089 746 Et
1110 679 1334 764 quemquam⁹J

308 814 401 878 posse
438 796 544 876 aliquis
579 797 727 858 existimat
760 795 947 858 remittendis
979 798 1091 878 passim
1123 796 1336 877 donandisque

309 911 440 992 peccatis
462 911 573 972 bonum
595 908 661 970 fieri
684 913 787 970 contra
809 907 940 970 iudicem
963 909 1053 988 veile,
1076 917 1129 972 aut
1145 910 1230 990 prius
1246 927 1336 990 quam

282 1024 478 1087 evindicetur
492 1020 547 1102 ¹⁰),
570 1025 636 1105 ipse
658 1022 733 1086 alios
756 1040 848 1103 posse
871 1021 1070 1087 defendere?
1113 1021 1256 1088 Mandant
1278 1023 1337 1086 ali·

311 1137 382 1220 quid
403 1145 550 1221 martyres
568 1133 606 1213 ¹¹)
627 1133 701 1198 fieri.
745 1134 777 1198 Si
798 1135 896 1214 iusta,
917 1137 945 1198 si
969 1135 1073 1214 licita,
1095 1137 1122 1198 si
1144 1153 1207 1198 nou
1230 1142 1339 1198 contre

310 1247 407 1330 ipsum
444 1248 593 1310 dominum
630 1265 647 1308 a
685 1245 734 1308 dei
770 1247 929 1308 sacerdote
966 1245 1102 1310 iacienda
1137 1249 1177 1310 sit
1210 1223 1335 1312 obtem-

311 1365 444 1444 perantis
466 1361 561 1424 facilis
584 1367 615 1423 et
636 1378 731 1442 prona
753 1362 933 1440 consensio,
958 1362 986 1424 si
1006 1363 1137 1442 petentis
1160 1361 1253 1426 fuerit
1276 1379 1334 1426 re·

312 1477 419 1560 ligiosa
442 1475 617 1538 moderatio.
662 1475 801 1538 Mandant
822 1475 932 1558 aliquid
954 1483 1103 1560 martyres
1126 1477 1202 1542 fieri.
1249 1479 1285 1542 Si
1302 1475 1339 1558 ¹²)

273 1608 299 1652 ro
311 1593 422 1674 scripta
443 1609 506 1656 non
528 1590 639 1654 sintin
662 1589 773 1654 domini
794 1589 864 1673 lege
886 1609 965 1671 quae
988 1591 1144 1671 mendant,
1177 1599 1248 1656 ante
1283 1599 1339 1673 eet,

313 1881 372 1933 trie
388 1881 536 1932 tutaturus
548 1874 598 1941 iic,
616 1878 734 1930 duditant
746 1873 791 1927 tta.
827 1874 857 1943 8)
870 1877 1006 1930 rectinere
1022 1891 1061 1944 pr.
1075 1874 1127 1942 dib,
1146 1881 1233 1933 udttue
1251 1889 1342 1934 teum

315 1965 373 2018 edd.
392 1974 451 2016 ante
469 1965 563 2016 Manat.
582 1979 669 2015 omnes
688 1979 710 2014 c.
730 1962 828 2015 Mureti
866 1963 894 2028 9)
914 1981 1060 2033 quenquam
1077 1963 1120 2029 W,
1141 1969 1271 2034 quendem
1294 1965 1341 2032 Bb,

315 2058 487 2124 quoiusquam
505 2053 535 2104 A.
572 2049 634 2102 Tum
652 2056 789 2104 existimet
808 2051 875 2103 idem
898 2051 973 2103 liber.
1008 2050 1067 2104 Mox
1090 2055 1198 2123 dipttum
1220 2069 1271 2122 pro
1292 2060 1340 2110 tu.

314 2159 378 2195 uum
395 2139 521 2193 Pometios
545 2141 630 2191 invitis
655 2139 731 2190 codd.
751 2147 777 2189 et
802 2139 861 2191 edd.
899 2137 942 2206 10)
967 2142 1101 2193 iudicetur
1126 2137 1164 2190 Bb
1189 2149 1215 2191 et
1233 2158 1273 2208 pr.
1294 2142 1340 2194 Mc.

317 2227 363 2298 11)
387 2228 425 2280 ite
450 2228 523 2280 codd.
552 2235 578 2278 et
603 2226 678 2292 edd,
702 2230 723 2278 si
747 2229 859 2294 excipias
883 2224 1045 2279 Balncianam
1070 2234 1096 2278 et
1114 2225 1340 2294 Goldhoruianam

316 2329 383 2384 quae
406 2327 538 2386 martyrae
563 2318 663 2385 aliquid
686 2314 790 2367 habent.
839 2313 900 2366 Post
922 2319 981 2384 fieri
1007 2313 1143 2382 (plurimae
1171 2315 1229 2368 edd.
1249 2316 1293 2369 hic
1318 2326 1342 2368 et

317 2401 381 2454 infra
398 2391 694 2472 interiogationie'siguo
714 2402 881 2472 distinguunt)
902 2402 960 2453 cod.
979 2399 1016 2452 Bb
1041 2404 1125 2454 statim
1150 2402 1268 2455 exhibet:
1297 2409 1342 2461 ced

318 2495 345 2545 οἱ
369 2496 471 2561 scriptu
495 2509 548 2543 uon
573 2501 637 2544 curat
662 2489 820 2542 intermediis
847 2491 954 2542 omissis.
989 2492 1057 2540 Ante
1082 2494 1109 2543 ei
1133 2494 1206 2546 iustu
1229 2491 1255 2542 in
1285 2493 1341 2545 eod.

318 2577 391 2630 Voss.
414 2580 436 2630 1.
456 2586 482 2629 et
500 2577 559 2629 edd.
577 2577 699 2630 Daveotr.
723 2576 798 2630 Grev.
822 2576 908 2629 Baius.
932 2585 1007 2646 atque
1026 2574 1117 2630 Goldh.
1142 2579 1262 2630 insertum
1289 2583 1342 2635 ced

319 2663 404 2716 Verba
423 2667 451 2719 ei
467 2668 540 2719 licitu
558 2681 608 2718 orn.
620 2665 651 2717 A„
682 2665 740 2720 tto:
760 2669 835 2719 deum
853 2681 899 2733 pro
918 2669 1052 2720 domiuum
1064 2666 1177 2718 scribunt
1189 2665 1228 2720 W.
1243 2665 1342 2720 ttabcd.

320 2749 351 2803 A.
388 2749 450 2802 Tum
471 2770 502 2806 ae
521 2755 562 2806 dei
579 2755 742 2808 sacerdotem
761 2751 817 2805 ttab
838 2761 863 2804 et
881 2751 925 2804 Ba.
962 2751 1063 2804 Deinde
1087 2757 1211 2823 socienda
1235 2759 1291 2809 aiut
1308 2753 1343 2806 Ba

321 2847 348 2890 et
366 2835 403 2904 A,
421 2843 474 2908 fue.
500 2850 564 2894 aurat
588 2838 644 2890 utcu
670 2839 769 2892 cedd.
794 2848 855 2891 ante
874 2837 961 2892 Baius.
987 2847 1064 2908 atque
1084 2837 1191 2906 (toton,
1215 2857 1229 2892 a
1254 2842 1343 2911 quibus

320 2937 385 2982 eunt
409 2926 497 2992 abest,
523 2935 550 2978 ut
572 2943 587 2978 a
612 2926 686 2980 codd.
705 2927 760 2979 rell.
800 2925 867 2979 Part.
886 2928 1011 2977 coniunct.
1031 2931 1059 2981 ei
1077 2925 1198 2994 deinceps
1217 2929 1343 2996 praebent

323 3013 396 3064 codd.
410 3012 478 3077 Mbd‚
492 3016 553 3065 item
568 3013 626 3067 edd.
637 3023 710 3080 vett,
722 3017 742 3066 ei
755 3016 867 3082 excipias
880 3013 1009 3079 flavente,
1030 3031 1078 3066 una
1091 3031 1148 3066 cum
1159 3013 1257 3069 Erasm.
1271 3015 1343 3068 Grav.

323 3099 419 3160 Mureti.
429 3099 515 3153 Baiae.
525 3111 600 3171 atque
609 3102 714 3166 Goldh.;
727 3105 752 3154 iu
765 3103 821 3154 eod.
835 3111 919 3154 autem
931 3101 970 3154 Mc
982 3119 1003 3154 r.
1015 3119 1046 3154 m.
1060 3119 1135 3170 supra
1148 3103 1252 3154 addidit.
1281 3103 1343 3154 Eam

324 3203 373 3239 orn.
387 3185 423 3239 Ba
442 3197 468 3239 et
480 3189 511 3254 A,
530 3191 677 3259 quibuscum
695 3191 839 3259 conspirant
851 3189 909 3240 edd.
921 3188 1016 3242 Pantul.
1030 3189 1122 3260 Rigalt.
1137 3189 1219 3242 Oxou.
1250 3187 1343 3242 Contra

324 3274 467 3327 Manutiane
486 3277 563 3328 habet
579 3267 702 3348 faciendo
720 3284 772 3332 eit:
798 3282 923 3346 obtemp,
947 3293 994 3344 pro
1012 3293 1062 3346 quo
1080 3279 1106 3328 in
1125 3275 1234 3346 Gotting.
1254 3293 1342 3330 erem·

324 3361 387 3430 plari
404 3365 443 3414 vir
463 3365 531 3416 doct.
551 3367 659 3417 correxit
676 3369 814 3434 faciendo.-
833 3370 871 3418 eit
888 3369 947 3434 ott,
967 3373 992 3416 ut
1012 3366 1095 3416 estin
1113 3364 1178 3416 libro
1188 3363 1259 3430 Ver.‚
1277 3379 1342 3433 quo·

325 3466 381 3501 cnm
395 3451 492 3503 iaciunt
503 3453 542 3505 W.
553 3451 667 3521 Seguier.
682 3462 708 3504 et
722 3451 768 3505 Mu.
798 3451 869 3505 Hanc
882 3455 1032 3521 scripturam
1044 3451 1142 3504 sublata
1156 3459 1213 3521 post
1223 3453 1344 3521 faciendo

323 3535 526 3605 interpunctione
539 3543 694 3591 verissimam
707 3557 764 3592 esse
776 3549 847 3608 putat
857 3539 987 3610 lugaidus,
1001 3555 1077 3616 quem
1089 3549 1190 3592 secutus
1205 3555 1269 3593 sum.
1303 3537 1342 3589 ttb

326 3624 369 3676 dat
379 3631 592 3697 optemperetis,
603 3627 634 3679 de
644 3644 693 3696 quo
704 3629 832 3680 scribendi
843 3631 939 3680 ratione
951 3629 1002 3680 vid.
1013 3627 1162 3697 Wagner.
1173 3625 1342 3695 Orthograph.

325 3709 422 3781 Vergit.
442 3729 467 3781 p.
485 3713 537 3765 413
555 3731 593 3783 eq.
630 3712 675 3780 12)
694 3719 762 3782 Sed,
789 3718 857 3786 quod
876 3727 934 3768 aute
952 3721 980 3771 ei
998 3715 1110 3768 inierunt
1129 3716 1187 3768 edd.
1207 3724 1234 3767 et
1251 3715 1343 3784 aliquot
1379 3765 1384 3778 ,

328 3797 419 3864 codd,
437 3807 508 3851 recte
527 3817 576 3852 om.
597 3799 630 3850 W
649 3811 674 3854 et
694 3802 742 3857 Ma.
778 3803 842 3856 Dein
862 3804 953 3857 ordine
970 3805 1072 3856 inverso
1090 3822 1144 3858 uon
1162 3808 1265 3874 ecriptu
1282 3808 1343 3857 aunt

329 3885 431 3938 exhibet
454 3888 493 3952 Α,
519 3907 573 3942 eur.
597 3908 650 3945 aton
674 3900 738 3945 aurit
763 3891 823 3945 dent
845 3891 885 3945 W.
906 3890 972 3944 uer.
995 3889 1034 3944 Bb
1057 3899 1211 3962 ueteresque
1237 3889 1294 3942 cdd
1319 3903 1341 3939 c.

328 3971 425 4027 uranu.
445 3971 520 4029 cuv.
538 3975 632 4034 Manat.
649 3977 747 4032 Motell.
