2872 4806
565 437 607 504 79

95 613 149 660 non
164 595 315 678 obsequiis
334 593 549 680 decipientibus
566 600 679 680 tallere,
703 599 757 664 sed
773 599 911 667 remediis
926 601 1102 666 salutaribus

96 710 256 792 prouidere.
299 711 446 794 lnperilus
470 721 516 778 est
538 714 681 795 medicus,
705 716 754 798 qui
778 723 924 780 tumentes
944 717 1102 782 uulnerum

96 824 171 886 sinus
186 823 224 902 ¹¹)
247 845 334 890 manu
357 836 500 908 parcente
523 833 706 908 contrectat,
737 835 767 893 et
793 830 822 892 in
846 831 911 894 eltis
933 831 1102 894 recessibus

94 937 231 1002 uiscerum
249 941 333 1003 virus
349 940 505 1022 inclusum,
523 942 591 1006 dum
608 948 718 1022 servat,
735 949 908 1026 exaggerat.
948 944 1102 1025 Aperien-
1129 953 1136 964 “

74 1050 153 1114 ddum
183 1053 290 1118 vulnus
322 1061 368 1118 est
385 1051 426 1133 Ι1)
460 1063 491 1119 et
519 1057 681 1122 secundum
706 1064 736 1122 et
758 1057 972 1141 putraminibus
995 1075 1123 1140 ampu-·

93 1167 153 1228 tatis
174 1167 288 1231 medela
312 1166 440 1230 fortiore
463 1168 634 1232 curandum.
675 1169 866 1234 vociferetur
889 1175 919 1232 et
942 1169 1048 1233 clamet
1065 1166 1102 1249 ¹³)

92 1277 154 1340 licet
175 1285 204 1340 et
227 1286 430 1361 conqueratur
453 1299 546 1363 aeger
568 1283 715 1364 inpatiens
738 1301 794 1364 per
818 1283 965 1362 dolorem,
988 1284 1101 1366 gratias
1147 1354 1149 1363 ,

93 1399 155 1474 aget
171 1387 207 1471 Ι1)
230 1391 428 1474 postmodum,
451 1413 517 1457 curn
540 1397 670 1458 senserit
693 1397 858 1460 sanitatem.

543 1593 640 1662 xssl.

168 1734 295 1799 Emensit
318 1737 406 1813 enim,
429 1736 538 1800 fratres
563 1736 753 1818 dilectissimi,
780 1757 891 1802 novum
915 1755 1011 1824 genus
1035 1737 1102 1802 cla-

66 1847 154 1930 udis,
177 1857 206 1913 et
229 1852 316 1932 quasi
338 1871 441 1934 parurn
465 1853 683 1934 persecutionis
705 1853 838 1935 procella
861 1855 1018 1933 saevierit,
1047 1871 1103 1916 uc-

93 1966 175 2027 cessit
196 1964 232 2028 ad
258 1964 406 2029 cumulum
422 1963 447 2042 ¹)
471 1965 526 2028 sub
550 1964 775 2028 misericordiae
798 1966 881 2030 titulo
904 1966 1012 2030 malurn
1042 1963 1102 2029 lal-

92 2077 149 2140 lens
171 2085 200 2142 et
221 2077 329 2141 blenda
352 2078 510 2161 pernicies.
549 2078 660 2143 Contra
681 2079 830 2164 evangelii
851 2080 998 2164 vigorem,
1022 2096 1102 2142 con·

92 2197 131 2254 tra
152 2191 262 2256 domini
285 2210 320 2255 ac
344 2192 392 2254 dei
415 2189 554 2275 legeml)
581 2193 749 2256 temeritate
772 2193 958 2276 quorundam
988 2193 1105 2258 laxatur

92 2306 205 2370 incautis
229 2307 457 2386 conmunicatio,
481 2306 567 2368 inrita
591 2313 621 2369 et
643 2305 717 2371 lalsa
741 2327 811 2390 pax,
834 2295 1003 2389 periculosa
1026 2307 1104 2370 dan-

62 2419 160 2483 utibus
182 2426 212 2484 et
233 2418 308 2484 nibil
331 2419 543 2500 accipientibus
566 2418 730 2500 profutura.
771 2421 840 2483 Non
858 2427 1004 2502 quaerunt
1019 2421 1105 2484 seni-

90 2535 147 2598 tatis
168 2535 338 2619 patientiam
357 2529 394 2614 ³),
418 2553 475 2597 nec
498 2553 599 2597 veram
622 2533 660 2597 de
695 2533 898 2598 satisfactione
921 2535 1105 2600 medicinam.

154 2709 197 2786 11)
214 2721 300 2774 simul
324 2733 370 2784 pro
396 2721 476 2772 cinric
494 2717 525 2770 Α.
560 2717 630 2768 ldem
650 2716 744 2770 deinde
760 2728 912 2786 pertractat.
948 2718 1015 2770 lnlra
1034 2735 1105 2772 exu-

91 2806 220 2874 perutllc.
260 2805 305 2872 12)
327 2804 381 2857 0m.
401 2803 442 2858 Md
462 2815 487 2857 et
506 2805 535 2856 Α.
572 2803 685 2856 Alterum
707 2815 731 2857 et
749 2805 808 2856 defit
830 2807 853 2856 in
873 2803 920 2857 tte.
963 2804 1025 2857 Tum
1049 2825 1105 2875 pu-

76 2887 252 2962 traminibus,
273 2895 341 2963 quod
362 2894 483 2946 exhibent
501 2891 558 2944 edd.
578 2891 676 2944 llorell.
694 2890 788 2944 Pamel.
809 2891 900 2960 Rigalt.
922 2889 1001 2946 oxon.
1020 2891 1106 2946 Balun.

50 3041 53 3045 .
92 2988 114 3031 et
130 2979 227 3047 (luidb,
246 2987 348 3032 tuentur
366 2979 439 3033 codd.
453 2980 493 3031 W.
507 2979 572 3031 blab.
592 2979 615 3031 Α
634 2989 659 3031 et
679 2980 730 3032 duo
749 2980 821 3044 Vat.;
838 2984 1028 3052 pronominibus
1048 2982 1107 3049 (per

71 3073 144 3132 xras.)
164 3068 206 3121 dat
219 3068 270 3132 tte,
290 3075 317 3118 ut
334 3067 426 3135 legitur
443 3067 469 3117 iu
490 3065 548 3117 edd.
563 3063 608 3118 sP.
622 3065 709 3117 Venet.
731 3066 753 3118 1.
772 3074 798 3117 et
811 3065 908 3130 llunn.;
925 3070 1106 3138 putaminibus

90 3151 159 3207 babet
175 3155 298 3209 Daveutr.
317 3173 339 3208 c.
358 3155 448 3207 Venet.
468 3155 491 3206 2.
510 3162 587 3222 atque
606 3152 713 3217 Remb.,
732 3163 810 3223 putre
828 3157 951 3209 morcidus
971 3154 1033 3221 (sic)
1052 3151 1104 3218 lid,

21 3243 23 3248 “
88 3246 276 3309 putrenuinibur
303 3239 355 3306 Ba,
383 3243 575 3312 putriminiius
604 3248 722 3309 quattuor
749 3239 817 3306 trau,
844 3244 1030 3310 putredinibus
1057 3238 1105 3292 Rb.

90 3323 179 3383 Erasm.
198 3327 274 3382 Grau.
293 3329 386 3382 llanut.
421 3328 537 3381 Proxime
561 3331 684 3392 medella,
710 3337 738 3379 nt
764 3345 855 3396 supra,
880 3331 1001 3398 scriptum
1019 3330 1044 3380 in
1063 3327 1104 3381 W.

90 3413 125 3466 lla
142 3426 167 3468 et
184 3417 280 3470 blanut.
299 3419 408 3486 itemque
427 3433 465 3486 pr.
484 3418 510 3468 in
530 3415 579 3468 lib.
622 3415 684 3467 Tum
701 3421 815 3486 fortiore
832 3417 875 3484 (rc
894 3433 926 3470 ex
945 3433 993 3468 ras.
1013 3419 1104 3482 cnuto)

89 3502 111 3553 in
129 3503 183 3570 llb,
209 3507 319 3574 fortiori
337 3506 362 3556 in
382 3501 420 3554 llc
445 3513 471 3555 et
491 3503 521 3556 Α.
559 3503 603 3568 13)
627 3507 790 3573 Vociferatur
808 3514 832 3558 et
850 3508 945 3558 cicnrct
962 3503 1004 3555 nd
1023 3520 1044 3556 c.
1064 3503 1106 3556 ed.

90 3589 220 3657 Daventr.;
240 3603 264 3647 et
282 3608 332 3644 om.
346 3593 382 3655 ,t3
403 3596 496 3646 clamet
508 3608 554 3660 pn,
574 3592 631 3644 dein
646 3581 741 3645 clamet
754 3591 803 3642 llb.
842 3591 889 3656 11)
904 3594 958 3662 cpit
970 3589 1010 3642 W.
1025 3588 1106 3643 Macd.

91 3675 110 3727 Ᾰ
127 3687 152 3730 et
169 3695 201 3731 ex
219 3688 279 3732 mut.
298 3696 351 3732 rec.
370 3679 435 3731 illius
454 3695 541 3730 merrus
557 3677 607 3744 lib,
627 3677 838 3747 adstipulantibus
851 3678 921 3730 libris
936 3677 1010 3729 editis
1022 3675 1104 3730 Eras-

89 3766 168 3820 miaoo
195 3766 391 3836 antiquioribus3
418 3771 456 3822 uit
475 3765 528 3832 Bb,
556 3775 592 3820 uit
616 3767 676 3832 (sic)
695 3763 740 3818 Ba.
776 3764 841 3817 Dein
861 3764 917 3836 quo
943 3765 973 3832 (i.
994 3781 1017 3817 e.
1036 3784 1106 3836 puo-

89 3856 164 3922 utam,
184 3855 237 3907 uid.
257 3855 288 3906 ad
301 3854 356 3907 libr.
377 3855 409 3906 de
429 3853 521 3906 cathol.
540 3853 604 3905 eccl.
623 3855 683 3904 uuit.
703 3851 764 3924 Cap.
783 3852 802 3908 l.
820 3869 846 3905 u.
868 3850 921 3917 11.)
943 3853 1029 3906 sunsit
1046 3852 1077 3904 A.

155 3941 220 3997 Xlll.
251 3943 277 4007 1)
297 3947 437 4012 tumulum,
458 3942 518 3993 delo
529 3940 644 3994 maiali.
680 3941 709 4010 2)
728 3952 819 3996 contra
832 3941 908 3994 ticum
922 3956 952 3992 ac
968 3937 1010 3994 tici
1026 3941 1107 4009 tepora

92 4025 137 4083 bnt
172 4031 203 4100 3)
220 4034 414 4102 paenitentiam,
431 4038 459 4082 ut
475 4028 542 4083 liber
558 4025 628 4082 Flori
646 4045 686 4100 ap.
704 4027 801 4096 Baium,
819 4036 871 4082 tres
884 4025 941 4080 Vnt.
958 4021 995 4080 Ba
1014 4031 1040 4078 et
1056 4023 1105 4080 llo.
