2874 4806
296 607 395 664 tamen
418 598 566 665 diaconus
588 605 618 662 et
645 600 801 663 reluctanti
829 600 900 664 licet
928 601 967 664 de
995 607 1183 666 ammento
1214 601 1314 664 calicis

293 714 406 779 infudit.
451 714 534 778 Tunc
556 714 691 795 sequitur
711 714 859 797 singultus
882 722 913 778 et
934 717 1072 786 uomitus.
1114 714 1148 778 ln
1178 733 1312 796 corpore

294 835 384 910 atque
412 844 468 891 orc
497 826 610 890 violato
639 827 820 892 eucharistia
839 823 878 906 ¹⁹)
908 848 1085 914 permanere
1114 848 1175 894 nou
1210 829 1313 911 potnit.

294 913 497 1006 Smetttmt'm
519 943 550 1006 in
571 941 683 1008 domini
704 944 851 1027 sanguine
870 941 908 1021 ¹¹)
930 953 1020 1025 potus
1043 945 1082 1008 de
1113 944 1236 1029 pollutis
1266 945 1316 1006 vi-

260 1071 275 1114 u
294 1057 429 1153 secribus
444 1057 551 1139 erupit.
596 1057 689 1122 Tanta
704 1065 752 1120 est
764 1056 805 1137 ¹²)
827 1064 961 1143 potentes
978 1060 1100 1139 domini,
1122 1065 1203 1123 bob
1217 1059 1316 1122 ncaie-

294 1177 364 1234 atae.
409 1169 532 1234 Secreta
552 1165 589 1248 Ι3)
611 1170 802 1233 tenebrarum
824 1172 880 1234 sub
902 1173 968 1236 eius
989 1171 1058 1236 luce
1087 1171 1205 1236 detecta
1235 1175 1316 1248 sunt,

183 1329 188 1342 .
279 1255 482 1346 ‘sacerdotem
503 1280 553 1344 dei
574 1299 632 1344 nec
654 1280 772 1346 occulta
795 1282 917 1346 crimina
933 1281 1114 1348 fefellerunt
1150 1285 1218 1350 lloc
1235 1285 1317 1348 circa

294 1395 435 1460 infantem
456 1389 493 1475 ¹⁴)
517 1413 595 1478 quae
617 1397 655 1461 ad
678 1395 863 1478 loquendum
886 1398 1015 1464 alienum
1038 1400 1119 1464 circa
1141 1418 1177 1466 se
1200 1402 1317 1464 crimen

294 1510 424 1574 necdum
446 1509 705 1648 babuit·uctalem.
808 1505 816 1516 '

757 1701 856 1774 xxt.

258 1880 285 1923 uo
385 1854 427 1917 dt
458 1869 534 1916 vero
564 1850 663 1930 eu1),
696 1867 774 1933 quac
806 1855 904 1914 aetate
934 1855 1078 1933 provecta
1109 1857 1141 1915 et
1167 1853 1199 1914 in
1230 1851 1319 1916 annis
1422 1845 1423 1848 ’

295 1965 490 2030 adultioribus
529 1964 688 2028 constituta
725 1963 961 2029 sacrificantibus
1002 1966 1131 2030 latenter
1171 1965 1319 2048 obrepsit,

295 2097 356 2144 non
386 2079 502 2158 cibum,
532 2077 588 2142 sed
608 2077 740 2161 gladium
763 2077 820 2140 eibi
842 2095 981 2159 onmem,
1012 2085 1043 2142 et
1064 2078 1147 2142 velut
1167 2078 1318 2160 quaedam

296 2213 419 2294 uenena*
433 2177 532 2259 letalia
553 2195 629 2258 intra
655 2192 759 2258 lauces
778 2189 805 2270 ²)
835 2199 866 2256 et
895 2201 1001 2276 pectus
1034 2193 1214 2273 admittens,
1247 2193 1320 2278 angi

297 2423 361 2476 lloc.
380 2424 475 2478 euticie
493 2435 542 2475 om.
554 2418 602 2473 nb.
633 2417 760 2488 Deinceps
777 2423 894 2488 infundit
910 2419 990 2472 babet
1002 2419 1032 2471 d.
1070 2417 1117 2487 10)
1135 2421 1322 2474 euctmiatbiu

299 2545 358 2610 Mb,
382 2546 531 2600 eukaristia
549 2542 579 2594 b
617 2540 708 2594 Statim
726 2558 832 2596 nram
849 2539 899 2593 ltu.
942 2541 988 2610 11)
1012 2545 1042 2596 ie
1066 2545 1197 2612 augauno
1220 2509 1322 2561 ΜΨ.

300 2649 332 2685 ex
358 2647 425 2684 corr.
452 2647 474 2684 r.
491 2646 524 2681 m.
543 2628 593 2680 ttb.
631 2627 675 2696 12)
700 2639 741 2682 eat
764 2627 909 2680 duellet
930 2627 994 2681 blac.
1031 2628 1095 2681 toci
1119 2631 1247 2684 audactae
1271 2628 1321 2680 ad-

300 2720 366 2771 ditur
384 2722 425 2774 dot
442 2719 468 2770 iu
485 2713 532 2767 Ba.
569 2714 617 2780 13)
636 2717 704 2785 quod
721 2725 824 2768 amata
841 2713 872 2766 Δ.
907 2712 957 2766 Pro
976 2713 1130 2787 delectabat
1148 2712 1227 2767 babet
1246 2719 1321 2772 dete·

301 2814 384 2872 cteta,
410 2802 451 2854 lld
477 2805 602 2857 detractu.
646 2802 691 2868 ld)
714 2801 742 2854 ln
760 2800 801 2854 blb
824 2806 869 2858 cel
891 2807 1008 2872 puellum
1032 2821 1052 2856 r.
1075 2819 1108 2855 m.
1132 2805 1321 2873 anperacripait

298 2892 379 2943 Recte
404 2893 559 2961 loquendum
585 2889 659 2943 codd.
680 2890 759 2941 nostri
780 2905 869 2942 omnen
894 2899 919 2942 et
943 2891 1002 2944 edd
1021 2891 1202 2945 antecedenter
1226 2889 1322 2943 Peme·

298 2979 400 3045 lienam,
419 2980 444 3030 in
462 2993 536 3047 quam
554 2993 586 3029 ex
605 2975 668 3028 libro
688 2973 820 3029 Ganbron.
840 2979 970 3030 invectum
988 2981 1233 3048 concoquendum,
1253 2977 1323 3047 quod

299 3070 416 3138 recipere
434 3083 484 3120 non
503 3065 632 3118 debebunt
650 3064 740 3134 Rigalt.
761 3062 841 3119 Oxou.
861 3073 889 3118 et
907 3063 993 3119 Belua.
1029 3066 1086 3119 Vid.
1109 3065 1247 3120 Gronov.
1266 3064 1322 3117 libr.
1421 3121 1422 3129 χ

300 3173 323 3210 c.
342 3173 367 3224 p.
386 3156 445 3208 570.
480 3153 540 3205 blox
555 3171 605 3225 per
623 3162 733 3208 aetatem
750 3152 837 3206 scribit
854 3151 900 3206 lta.
1421 3135 1422 3148 ¹

370 3243 434 3296 lle.
463 3243 493 3308 1)
511 3259 542 3297 ea
560 3256 610 3294 orn.
628 3241 676 3293 blo.
712 3239 773 3292 l’oat
789 3245 1003 3311 tumificantituu
1023 3244 1132 3311 expunxi
1150 3243 1243 3305 notia,
1272 3253 1323 3308 quc
1421 3221 1422 3238 ¹

302 3346 367 3400 opus
384 3347 434 3382 non
453 3338 501 3394 eat,
520 3346 576 3382 cnm
595 3329 619 3382 h.
638 3329 654 3382 l.
673 3328 826 3397 subintelligi
844 3328 921 3382 iacile
943 3332 1038 3398 poscit,
1064 3327 1229 3382 suadentibus
1253 3325 1323 3379 libuit

302 3418 343 3472 W.
361 3415 460 3470 lllabcd.
479 3415 517 3468 Bb
537 3426 563 3468 et
586 3416 711 3469 tredecim
735 3418 845 3485 antiquie
863 3414 964 3482 Reium,
991 3417 1082 3488 quibua
1107 3415 1232 3474 accedunt
1257 3420 1322 3466 vett.

304 3505 367 3558 cditi
385 3519 436 3556 una
455 3519 511 3555 cum
524 3502 619 3554 Erasm.
636 3501 729 3554 llauut.
748 3510 823 3570 atque
840 3501 939 3555 blorell.
968 3500 1112 3556 Proncmen
1130 3501 1197 3554 istud
1214 3500 1323 3568 primum

305 3600 410 3659 apparet
434 3594 459 3642 in
482 3589 523 3642 ed.
548 3587 641 3655 Gran,
669 3605 702 3641 ex
723 3605 772 3658 qua
798 3587 896 3641 induxit
920 3591 946 3641 in
969 3588 1065 3642 Pamel.
1082 3589 1176 3658 lligalt.
1195 3587 1277 3640 Oxnn.
1298 3594 1324 3640 et

212 3665 217 3674 ⁵
305 3677 389 3731 Belum
434 3676 490 3729 llox
514 3673 688 3741 contenit,
707 3679 839 3745 oppressit
861 3674 891 3729 Α.
938 3675 966 3741 2)
992 3678 1061 3729 inter
1083 3679 1178 3746 faucae
1203 3673 1323 3727 exhibent

306 3763 357 3816 duo
382 3763 455 3816 codd.
475 3779 488 3814 a
507 3759 611 3813 Baluaio
636 3762 750 3830 inspecti.
786 3760 867 3825 Quem
885 3761 1022 3814 lectionem
1039 3764 1158 3814 vitiosum
1175 3777 1191 3814 a
1208 3759 1322 3812 Pamelio

307 3866 338 3902 cx
352 3848 406 3901 cod.
419 3850 529 3916 pessimo
543 3858 567 3901 et
580 3848 800 3915 interpolatisaimc
813 3848 908 3901 illatam
919 3848 1075 3901 refutaverat
1086 3851 1135 3902 iam
1149 3848 1293 3902 Gronov.
1305 3845 1322 3898 l.

308 3953 329 3990 c.
342 3952 366 4003 p.
380 3936 431 3988 573
443 3938 583 4004 meritoque
595 3936 684 3987 reiecit
697 3933 782 3988 Baluu.
812 3935 883 3988 ldem
895 3935 1018 3988 Panteliua
1032 3953 1064 3988 ex
1082 3937 1174 3990 eodem
1191 3933 1248 3987 cod.
1261 3938 1319 4002 port

306 4035 398 4096 pectus
416 4024 482 4091 male
499 4024 602 4076 inseruit
619 4028 790 4095 contuitionem,
815 4025 892 4094 idque
914 4023 1021 4092 posthac
1041 4033 1139 4080 temere
1156 4023 1254 4096 recepit
1271 4020 1320 4074 lti-
1420 4049 1421 4066 ι
