2894 4804
790 407 852 474 126

313 586 353 628 en
375 573 463 628 ntero
487 567 596 628 matris
619 565 686 628 nati
709 575 783 628 sunt
810 568 876 644 sio,
908 575 938 628 et
965 576 1040 630 sunt
1065 567 1240 646 spadones,
1272 568 1325 648 qui

312 681 414 742 eoacti
442 685 516 742 sant
543 676 582 739 ab
611 676 807 754 bominibus,
842 685 871 738 et
899 685 974 739 sant
1002 677 1177 756 spadones,
1211 680 1263 757 qui
1293 698 1327 740 se

313 796 400 876 ipsos
433 799 651 856 castraverant
676 799 808 871 propter
840 810 968 872 requam
1002 793 1167 854 caelorum.
1221 791 1327 854 Denuo

313 925 434 989 quoque
449 903 476 984 Β)
509 925 564 988 per
598 904 675 966 hena
709 905 808 986 angeli
841 922 946 967 uocem
982 906 1183 968 continentiae
1221 922 1347 968 munus·

287 1017 497 1096 sostenditur‚
532 1016 684 1100 virginitas
717 1014 921 1096 praedicatur:
955 1010 1041 1094 1119)
1071 1025 1145 1078 sant
1177 1020 1230 1097 qni
1261 1037 1330 1079 cnm

312 1130 494 1195 mulieribus
516 1148 550 1190 se
574 1148 638 1191 non
663 1127 945 1207 coinquinaverunt
951 1149 963 1201 ;
990 1129 1128 1208 oirpines
1152 1132 1232 1192 enim
1250 1151 1328 1210 per-

314 1251 494 1308 manserunt
512 1238 557 1320 ¹⁰).
610 1242 651 1304 He'
669 1239 708 1320 ¹¹)
737 1250 810 1304 sunt
837 1243 890 1322 qni
923 1251 1070 1306 secuntur
1106 1263 1218 1323 apuam
1250 1264 1330 1326 qno·

316 1378 442 1440 eamque
465 1358 545 1420 ierit.
589 1357 695 1439 Neque
714 1353 750 1433 ¹²)
774 1356 853 1418 enim
875 1361 985 1420 tnntmn
1007 1357 1144 1420 masculis
1168 1359 1330 1422 continen-

315 1475 373 1537 tiae
396 1475 520 1558 gentium
542 1470 678 1535 dominus
701 1472 879 1554 repromittit
902 1477 931 1534 et
954 1470 1079 1538 leminus
1102 1473 1252 1554 praeterit,
1276 1472 1332 1536 sed

316 1691 391 1752 etque
407 1680 512 1745 llorell,
530 1683 556 1731 in
574 1679 663 1749 quibus
681 1679 783 1748 legitur,
801 1682 896 1732 matris
915 1688 979 1733 sunt
996 1683 1060 1732 noti.
1092 1678 1171 1732 Abest
1191 1684 1232 1734 sie
1252 1684 1329 1733 etiem
1434 1721 1435 1728 ,

317 1769 447 1833 alienun,
467 1769 510 1819 ubi
522 1775 603 1827 exstet
621 1769 677 1819 nati
695 1776 766 1820 sient.
796 1764 921 1834 Equidem
940 1765 1022 1833 probo
1040 1764 1177 1818 lectionem
1196 1772 1253 1822 nati
1269 1781 1333 1824 sunt
1434 1767 1435 1832 Ῐ

318 1859 374 1916 sie,
400 1869 465 1924 quoe
485 1856 581 1922 optime
600 1854 719 1905 convenit
737 1851 840 1904 Graecis
859 1852 958 1904 verbis:
985 1851 1068 1909 οἵτινες
1091 1851 1117 1900 ἐκ
1142 1855 1228 1910 κοιλίας
1248 1851 1334 1922 μητρός

317 1941 476 2011 ἐγεννήθησαν
499 1941 578 1998 οὕτως.
620 1941 694 2010 Seqq.
722 1951 746 1995 et
772 1950 836 1994 seren
859 1943 1004 2010 sparlonees,
1033 1943 1078 2009 qni
1103 1944 1189 1994 eoacti
1212 1952 1278 1995 sunt
1303 1947 1333 1996 ab

318 2033 467 2085 bominibus
486 2045 535 2080 om.
554 2027 594 2092 Ᾰ;
621 2048 669 2098 quo
698 2031 751 2082 neti
775 2038 837 2082 sunt
858 2030 967 2095 pessime
991 2026 1080 2078 scribit
1098 2027 1145 2079 lle.
1182 2028 1250 2078 Libri
1275 2037 1333 2081 ente

319 2116 469 2169 Gravisnum
488 2119 554 2185 typis
574 2118 693 2185 exscripti
711 2117 735 2167 b.
755 2118 772 2168 l.
791 2119 824 2168 ite
844 2117 975 2168 exhibent:
995 2127 1019 2169 et
1036 2126 1100 2170 sunt
1118 2119 1265 2186 spadones,
1288 2121 1334 2186 qui

319 2223 349 2259 se
366 2208 443 2275 ipsos
464 2213 650 2258 castraverant
665 2215 773 2273 propter
788 2223 899 2275 repetam
915 2209 1057 2270 caelorum,
1077 2213 1101 2256 et
1113 2215 1179 2256 sunt
1194 2207 1332 2272 spadones,

320 2295 365 2362 qni
382 2296 493 2345 castrati
515 2301 578 2344 sunt
603 2295 632 2344 ab
659 2295 822 2355 bominibus,
848 2307 896 2342 nee
920 2290 993 2341 aliter
1013 2289 1105 2358 legitur
1130 2291 1155 2340 in
1175 2289 1215 2342 ed.
1234 2290 1332 2343 lllorell.
1434 2279 1435 2286 ¹

320 2378 437 2431 Ceterum
462 2383 537 2448 ipsos
558 2378 630 2428 deest
648 2379 672 2428 in
691 2376 722 2429 A.
767 2377 795 2442 8)
815 2378 843 2429 ln
862 2376 902 2428 lllb
922 2379 1017 2429 addidit
1034 2395 1054 2430 r.
1074 2396 1105 2430 m.
1124 2381 1241 2433 tonarius.
1278 2378 1334 2432 llox

320 2465 386 2516 idem
412 2465 477 2517 liber
498 2481 542 2532 pro
562 2469 648 2536 anspele'
666 2465 831 2536 (arebanqeii
848 2467 874 2516 in
894 2465 992 2516 duobus
1009 2474 1072 2518 vett.
1092 2467 1188 2518 invenit
1203 2464 1333 2542 Deluzius)

321 2552 364 2604 dot
381 2556 541 2622 nnqelieam,
561 2552 601 2604 W.
620 2552 667 2604 lta.
685 2550 715 2618 B,
735 2561 785 2604 tres
803 2552 897 2618 Italici,
915 2568 1008 2604 novem
1027 2553 1164 2618 baluziani,
1184 2563 1257 2606 vetus
1276 2554 1331 2606 llo·
1434 2563 1435 2578 ¹

321 2639 440 2690 rellionus
464 2638 588 2705 praebent
612 2644 750 2710 eoanpeiii.
786 2639 823 2691 lte
849 2640 924 2690 etism
944 2639 984 2690 lllc
1008 2642 1180 2708 superscripto
1206 2641 1236 2692 nb
1261 2658 1282 2692 r.
1302 2658 1332 2694 m.
1434 2681 1435 2700 ,

321 2729 413 2796 anpeli.
450 2726 508 2777 blox
532 2729 617 2795 ibique
642 2730 813 2795 praedicatur
835 2725 885 2778 llb.
921 2724 977 2777 vid.
997 2724 1077 2793 Apoc.
1098 2725 1147 2792 14,
1168 2727 1192 2777 l.
1242 2729 1335 2796 9Jt1st

321 2813 386 2865 bled.
404 2813 474 2865 Β.Α
499 2830 521 2867 c.
551 2814 590 2866 ed.
616 2812 736 2867 Deventr.
778 2813 837 2865 Post
861 2823 924 2867 sunit
948 2812 1048 2864 additur
1071 2816 1156 2883 inquit
1180 2817 1205 2866 in
1225 2814 1284 2868 Ver.
1310 2824 1335 2867 et

321 2899 370 2953 llb.
400 2900 516 2953 Pronum.
529 2919 559 2956 se
571 2910 630 2953 ente
643 2920 695 2957 non
713 2905 947 2971 coinquinaverunt
967 2915 999 2951 ex
1019 2916 1084 2952 corr.
1103 2918 1178 2969 supra
1197 2902 1240 2957 lin.
1259 2903 1336 2955 hebet
1434 2965 1435 2984 χ

321 2989 363 3041 llld
381 2999 406 3042 et
423 2991 515 3042 invers.
535 2989 589 3041 ord.
608 3007 661 3043 non
678 3006 709 3044 se
727 2993 964 3058 coinquinaverunt
974 2986 1003 3039 D.
1041 2988 1087 3051 10)
1107 2988 1146 3038 lle
1164 2989 1252 3040 scribit
1265 3001 1335 3044 sunt.
1434 2987 1435 3030 l

320 3077 367 3131 Est
384 3093 445 3129 sune
464 3079 489 3128 in
508 3075 605 3128 Graeco
623 3079 740 3143 παρθένοι
758 3073 801 3142 peip
820 3075 883 3124 εἰσιν,
921 3075 966 3144 11)
986 3079 1032 3129 titi
1050 3075 1089 3127 lle
1109 3084 1135 3126 et
1153 3076 1193 3128 ed.
1213 3076 1334 3129 Daventr.

321 3165 386 3217 Dein
404 3176 533 3220 secuntur
552 3164 626 3216 codd.
645 3166 722 3216 nostri
741 3161 835 3215 omnes.
883 3163 937 3214 viu,
958 3161 1050 3215 Adnot.
1069 3162 1094 3214 8.
1113 3163 1144 3214 ed
1164 3163 1220 3214 iibri
1239 3163 1271 3215 de
1291 3181 1334 3216 ce·

322 3252 383 3304 thol.
404 3252 495 3304 eccles.
515 3255 576 3305 unit.
597 3251 656 3319 Cep.
675 3251 726 3302 XX.
762 3249 820 3302 llox
837 3255 858 3304 it
876 3266 922 3318 pro
941 3254 1002 3304 ierit
1018 3249 1077 3301 Ver.
1099 3251 1121 3301 1.
1140 3250 1173 3301 W
1191 3259 1217 3302 ot
1236 3250 1286 3313 lid,
1306 3256 1336 3305 iit
1434 3239 1435 3248 ¹

322 3341 370 3393 tta.
408 3339 584 3404 12)Nonlllb.
615 3339 716 3391 Deinde
733 3342 864 3393 masculis
883 3341 1199 3407 tantum-repromittit
1214 3341 1336 3392 dominns
1434 3339 1435 3342 ’

324 3427 381 3480 edd.
406 3435 464 3479 ente
490 3426 582 3479 llanut.
608 3442 695 3478 omnes
721 3443 769 3477 nnn
795 3443 850 3478 curn
876 3425 972 3477 blorell.
1018 3423 1106 3476 Statim
1128 3429 1264 3494 praeteriit
1289 3425 1335 3478 lle.
1434 3417 1435 3434 *

322 3513 439 3568 Proxime
458 3517 513 3568 viri
529 3518 628 3583 femina
646 3513 693 3565 llle.
730 3511 795 3564 Dein
813 3516 893 3580 fortio
912 3511 940 3564 B.
976 3511 1038 3562 'lum
1057 3530 1093 3565 ea·
1110 3531 1141 3565 en
1160 3513 1215 3579 lle,
1235 3532 1270 3568 en
1289 3532 1336 3583 quo

323 3612 465 3672 easusnptn
483 3601 513 3652 Α.
555 3601 633 3652 Puulo
651 3608 708 3667 post
726 3603 759 3653 ad
775 3604 967 3670 protoplastum
986 3615 1035 3652 om.
1047 3599 1086 3651 ·W
1105 3607 1131 3651 et
1149 3599 1196 3667 lllu,
1219 3605 1252 3655 ad
1268 3619 1336 3672 pro·
1434 3607 1435 3664 ζ

324 3693 482 3762 tluopinstnm
500 3689 528 3756 (e
547 3706 567 3740 r.
587 3705 618 3740 m.
638 3705 653 3739 e
670 3691 904 3758 prothoplastrum)
924 3688 978 3753 lld,
998 3691 1031 3742 ad
1048 3691 1261 3757 Protbopinstum
1279 3688 1336 3740 edd.
1434 3705 1435 3758 t

324 3784 386 3830 vett.
406 3793 429 3828 e.
448 3776 547 3841 Remb.,
565 3779 794 3847 prothoplaustnm
812 3773 850 3842 A,
872 3780 1082 3846 protoplaustum
1099 3775 1163 3828 lllbe.
1200 3774 1261 3828 vid,
1276 3775 1336 3827 Gen.

325 3897 351 3965 2,
371 3899 413 3951 et.
449 3898 478 3949 ln
495 3913 566 3968 seqq.
584 3896 605 3949 B
623 3907 646 3952 et
664 3865 692 3915 ⁶²¹
711 3901 831 3953 nunsaulo
853 3897 938 3950 habet.
975 3896 1055 3948 Abest
1079 3896 1201 3967 deinceps
1224 3901 1337 3954 sinain

324 3985 380 4038 Vnt.
400 3985 424 4040 1.
444 3994 469 4038 et
486 3986 517 4038 Α.
