2872 4806
768 430 835 495 -28

304 587 409 654 or'andi
428 590 530 675 legem
552 589 654 670 daret,
683 589 793 653 addidit
816 587 984 668 dicens¹²):
1017 589 1058 653 Et
1079 585 1199 668 cum¹³l
1222 595 1321 654 stete-

303 705 374 766 ritis
400 705 442 765 od
470 705 655 783 orationem,
690 707 834 768 remittite
861 707 889 768 si
919 705 995 786 quid
1023 705 1140 768 bebetis
1171 705 1324 768 adversas

304 819 451 900 eliquare,
475 827 511 882 ot
532 828 561 882 et
577 827 669 900 pater
690 828 808 896 aester,
839 821 892 901 pai
914 820 947 881 io
977 821 1072 883 caelis
1095 828 1156 898 est,
1188 818 1327 880 remittat

303 931 393 995 cobis
402 941 541 1012 peccota.
578 931 614 995 Et
630 931 666 994 ad
687 932 863 995 sacrificium
887 951 953 995 curn
978 913 1168 995 dissensione
1191 915 1325 993 venien-
1421 1017 1422 1028 ἵ

211 1087 213 1092 .
278 1051 364 1108 atem
386 1051 509 1109 revocat
532 1047 568 1108 ab
592 1047 676 1108 altari
692 1043 733 1125 Μ)
757 1053 786 1108 et
808 1046 901 1108 iubet·
919 1047 1002 1127 prius
1031 1045 1219 1109 concordare
1252 1062 1322 1106 cum

305 1158 413 1237 tratre,
444 1165 514 1220 tuno
544 1173 709 1239 cumpace
740 1157 915 1219 redeuntem
939 1157 996 1222 deo
1009 1154 1045 1235 ¹⁵)
1070 1174 1175 1221 munus
1198 1155 1326 1233 offerre,
1421 1139 1422 1144 ἵ

306 1271 374 1351 quia
403 1287 460 1331 neo
489 1268 526 1330 ad
558 1267 629 1332 Cain
658 1286 782 1332 munera
815 1270 950 1350 respexit
981 1268 1080 1338 deus„
1108 1259 1214 1351 Neque
1246 1271 1327 1332 enim
1412 1273 1422 1310 ·’

305 1382 417 1446 babere
439 1389 574 1464 pacatum
587 1379 624 1462 16)
648 1383 735 1446 deum
758 1388 876 1465 poterat
892 1383 941 1464 qui
958 1401 1023 1446 cum
1040 1383 1131 1445 tratre
1144 1403 1248 1466 pacem
1268 1402 1328 1464 per

306 1497 365 1561 zeli
387 1496 566 1561 discordiam
589 1492 700 1576 non¹⁷)
723 1498 858 1562 babebat.
903 1499 997 1572 Quam
1026 1483 1132 1577 sibim)
1155 1500 1246 1582 igitur
1266 1515 1327 1580 pa-
1421 1587 1422 1592 ἵ

309 1657 511 1666 mu·-

379 1739 426 1809 12)
449 1741 526 1809 nare.
554 1739 668 1807 n‚‚25.
711 1740 757 1804 ie)
783 1747 835 1811 qm
854 1741 904 1792 ee
930 1743 1052 1810 quondam
1079 1740 1141 1807 (vu.
1166 1739 1198 1793 aa
1223 1738 1286 1809 cap.
1306 1739 1326 1792 1.
1421 1699 1422 1702 Ὺ

307 1845 332 1880 n.
353 1828 408 1896 11.)
425 1828 457 1880 Α.
487 1829 514 1879 lu
532 1827 662 1898 sequb.
682 1829 768 1880 scribit
786 1832 936 1882 adeersum.
968 1828 1034 1880 Dein
1052 1837 1082 1882 iat
1098 1837 1173 1898 pater
1190 1837 1282 1881 noster
1295 1826 1327 1878 A.
1421 1849 1422 1874 i

307 1915 366 1968 lllox
391 1919 502 1970 remittet
520 1916 553 1967 W
571 1925 597 1968 et
615 1933 653 1985 pr.
672 1916 721 1979 lle.
758 1915 819 1968 Tum
843 1928 951 1986 peceato
972 1920 1050 1971 vobis
1069 1915 1111 1968 W.
1131 1917 1186 1968 blac
1212 1923 1238 1966 et
1257 1914 1328 1981 ilab,
1421 1925 1422 1928 ’

307 2002 649 2074 peccatis(sie)vobia1l.
695 2003 741 2071 14)
761 2008 791 2057 ab
820 2006 916 2056 altario
938 2003 982 2055 lla.
1018 2003 1079 2055 Post
1103 2007 1172 2057 iubet
1194 2001 1235 2054 lllb
1260 2003 1328 2055 male

307 2089 385 2142 infert
402 2093 480 2144 burae.
511 2089 569 2142 llox
587 2093 748 2172 cqneordori
765 2089 880 2140 scribunt
898 2088 978 2155 lllacd
991 2089 1090 2141 etBab.
1123 2086 1255 2157 Conspirat
1269 2106 1329 2141 cum

308 2177 347 2230 bis
366 2177 497 2245 exemplar
514 2176 637 2230 Daventr.
666 2177 735 2229 ldem
753 2177 817 2229 liber
835 2176 942 2245 posthac
961 2177 1065 2228 exbibet
1083 2188 1109 2231 et
1126 2187 1199 2232 tune..
1233 2177 1278 2241 15)
1292 2177 1330 2230 lta
1421 2219 1422 2230 .

309 2266 390 2318 lllabe.
409 2265 491 2317 uas
510 2274 536 2318 et
555 2265 586 2316 ab
606 2265 637 2317 al.
657 2281 689 2316 m.
702 2265 743 2316 W.
759 2265 832 2334 Vulg.
853 2269 965 2319 donnino.
997 2264 1059 2315 Tum
1079 2267 1152 2334 Capu
1163 2264 1194 2316 Α.
1232 2264 1276 2331 16)
1291 2265 1330 2317 lta

310 2353 351 2405 W.
370 2353 469 2405 lllabcd.
488 2352 549 2405 Bab.
571 2353 601 2404 Α.
629 2361 656 2403 et
682 2353 739 2404 edd.
766 2351 907 2404 Manutisna
935 2354 1088 2421 antiquiores
1105 2369 1137 2404 c.
1160 2351 1257 2404 blorell.
1281 2368 1330 2420 pro

309 2453 431 2512 poectum
455 2445 557 2495 trabere.
595 2440 671 2505 „Tres
697 2439 755 2490 libri
782 2449 883 2492 veteres
907 2439 1003 2492 babent
1025 2444 1168 2510 placatum.
1188 2426 1255 2490 'Atii
1277 2447 1332 2491 tres
1421 2429 1422 2434 ¹

311 2537 338 2580 et
355 2531 508 2582 vetustiores
527 2527 653 2579 editiones
673 2527 768 2578 addunt
787 2532 834 2582 cel
847 2546 941 2598 pacem
960 2532 1031 2597 epod
1049 2525 1138 2582 eleum.
1164 2525 1214 2577 Sed
1229 2543 1260 2577 ea
1279 2527 1331 2577 de·
1421 2577 1422 2590 .

311 2625 370 2678 suut
388 2618 412 2666 in
430 2614 485 2667 aliis
502 2616 656 2667 editionibus
670 2617 732 2667 etin
747 2617 891 2685 quindecim
905 2617 1013 2684 antiquis
1025 2615 1219 2682 exemplaribus.
1249 2614 1332 2666 Recte
1421 2631 1422 2636 ¹

312 2712 398 2754 autem
416 2703 541 2754 Pamelius
561 2705 686 2755 existimat
703 2707 835 2772 irrepsisse
854 2705 879 2755 in
898 2713 993 2756 textum
1013 2720 1043 2755 ex
1062 2705 1182 2772 margine.
1212 2701 1268 2770 Ego
1287 2701 1331 2754 fa·

312 2789 387 2841 cilius
401 2790 552 2842 crediderim
572 2791 657 2842 addita
675 2791 752 2844 fuisse
771 2808 847 2859 supra
869 2792 961 2842 lineam
981 2793 1006 2842 in
1023 2791 1155 2842 codicibus
1168 2791 1285 2858 antiquis,
1305 2798 1333 2840 ut

312 2893 391 2962 saepe
419 2877 513 2928 factum
543 2877 621 2930 fuisse
649 2879 792 2931 monuimus
819 2895 905 2946 supra.
949 2877 1036 2930 Codex
1059 2877 1210 2928 Turonensis
1237 2876 1332 2929 babet:
1421 2893 1422 2898 ¹

310 2965 490 3033 Neqae‘eninr
514 2968 607 3019 babere
630 2984 720 3035 pacem
745 2969 816 3036 apud
839 2969 917 3018 deum
940 2973 1049 3034 poterat.
1083 2963 1221 3014 Fuxensis:
1246 2966 1334 3034 Neque?
1421 2985 1422 3022 1

311 3055 380 3105 enim
397 3070 487 3122 pacem
505 3056 604 3107 domitii
620 3058 714 3108 babere
730 3063 839 3123 poterat.
883 3052 911 3103 ln
931 3050 1039 3119 epistola
1058 3050 1169 3102 secunda
1186 3049 1283 3119 Pelagii
1302 3051 1333 3102 ll.

311 3136 343 3190 ad
362 3141 498 3207 episcopos
516 3139 603 3193 Istriae
622 3137 728 3210 legitur:
748 3144 838 3210 Neque
857 3144 926 3193 enim
944 3143 1039 3193 babere
1056 3148 1180 3206 pacatum
1198 3143 1334 3192 dominum

279 3238 286 3252 ⁸
310 3235 418 3297 poterat.
455 3227 536 3280 Aliter
558 3229 626 3281 bunc
645 3228 766 3295 Cypriani
791 3227 875 3279 locum
900 3226 1025 3296 expressit
1042 3225 1186 3277 ludovicus
1205 3225 1334 3276 Romanus
1421 3211 1422 3232 ³

311 3315 337 3364 in
362 3329 495 3380 sermone,
521 3332 597 3385 quem
623 3316 710 3368 babuit
728 3318 752 3366 in
771 3315 880 3368 concilio
899 3313 1050 3366 basileensi.
1086 3311 1128 3364 Sic
1147 3315 1213 3364 enim
1231 3314 1332 3382 posuit:

312 3405 399 3472 Nepae
418 3406 487 3456 enim
505 3407 581 3458 deum
598 3408 692 3458 babere
710 3413 832 3471 pacatum
849 3406 959 3473 poterit,
986 3404 1031 3471 qui
1054 3418 1113 3454 eum
1138 3404 1224 3467 fratre
1241 3418 1334 3468 pacem

312 3494 465 3559 nonbibet,
485 3493 810 3546 redactidiseorrliom.“
848 3494 992 3545 Helonius.
1022 3487 1071 3540 Pro
1091 3491 1166 3542 deum
1184 3489 1208 3539 in
1228 3487 1286 3540 Ver.
1307 3495 1333 3541 et
1421 3515 1422 3540 l

313 3575 350 3630 Bb
375 3578 469 3646 legitur
492 3565 633 3632 dominam.
677 3579 721 3642 17)
740 3597 807 3643 aon,
833 3578 901 3646 quod
925 3593 976 3628 om.
995 3576 1033 3641 Α,
1058 3574 1097 3625 blo
1121 3591 1173 3626 ar.
1192 3591 1223 3626 m.
1244 3574 1329 3654 babet.
1421 3549 1422 3598 l

313 3663 379 3716 Dein
392 3670 485 3720 babeat
496 3665 584 3718 scribit
596 3665 623 3716 B.
656 3664 702 3732 18)
720 3669 773 3718 sibi
785 3664 857 3716 deest
870 3667 895 3714 in
905 3664 935 3715 Α.
949 3662 1026 3714 ·ltem
1040 3669 1185 3730 moanae.
1216 3660 1333 3730 lnsaqq.

314 3771 348 3806 an
373 3761 432 3804 ants
456 3770 547 3806 secam
572 3751 626 3820 (bld
649 3751 807 3814 sectandam)
832 3748 1013 3819 praeeuntibus
1034 3748 1093 3800 Ver.
1111 3747 1152 3799 W.
1178 3746 1244 3800 blab.
1270 3746 1333 3800 Bab.
1421 3779 1422 3798 ι

314 3840 395 3908 Neap.
414 3848 440 3890 et
464 3839 487 3890 Λ
513 3841 584 3890 omisi
608 3839 733 3907 probante
757 3839 867 3908 Rigaltio
893 3838 910 3888 l.
931 3855 952 3890 c.
981 3836 1021 3886 lle
1048 3853 1061 3887 a
1087 3852 1107 3887 r.
1127 3852 1159 3886 m.
1179 3837 1245 3886 inter
1266 3849 1333 3886 vers.
1421 3835 1422 3840 ’

313 3928 399 3980 babet.
435 3925 551 3978 Proxime
574 3931 684 3997 suerunt
702 3926 732 3980 Α.
769 3925 831 3978 Tum
855 3929 894 3981 bii
918 3929 963 3997 qui
987 3923 1039 3989 lla,
1064 3927 1092 3978 bi
1116 3926 1162 3996 qui
1185 3920 1232 3974 llo.
1268 3919 1332 3974 Dein
1421 3915 1422 3926 ¹

315 4018 457 4074 eeclesiam
475 4016 578 4070 Christi
596 4013 626 4067 A.
