2872 4806
596 447 636 516 13

110 608 263 689 debemus,
286 610 414 674 maxime
437 611 580 694 episcopi,
605 609 654 692 qui
677 611 707 671 in
729 607 855 672 ecclesia
870 607 1075 691 praesidemus
1087 603 1125 688 ⁶),

108 732 145 790 ut
163 727 368 809 episcopatum
391 743 511 806 queque
534 727 630 806 ipsum
654 741 743 787 unum
767 730 854 804 atque
877 723 1034 788 indivisum
1049 741 1126 805 prc-

105 840 220 903 bemus.
266 841 362 904 Nemo
386 840 599 903 fraternitatem
626 840 781 904 mendacio
810 839 907 919 fallat,
939 858 1027 903 nemo
1057 839 1126 902 lidei

105 955 261 1016 veritatem
286 951 405 1034 perfida
437 953 693 1046 praevaricatione
716 948 742 1031 7)
772 959 951 1034 corrumpat.
996 953 1126 1036 Episco-

81 1074 193 1148 5patus
217 1085 294 1132 unus
317 1073 363 1130 est
378 1064 421 1146 ⁸),
445 1069 528 1131 cuius
553 1089 569 1130 a
592 1069 719 1150 singuiis
742 1069 771 1130 in
795 1068 922 1132 solidum
944 1085 1013 1151 pars
1036 1073 1126 1130 tene-

109 1189 164 1245 tur.
208 1183 345 1244 Ecclesia
361 1177 388 1260 9)
413 1202 469 1246 una
492 1188 554 1260 est,
578 1201 655 1264 quae
678 1183 707 1252 in
731 1181 944 1245 multitudinem
968 1181 1053 1244 tatius
1076 1181 1127 1243 in-

106 1303 261 1359 cremento
278 1296 464 1362 fecunditatis
482 1298 669 1361 extenditur:
690 1297 841 1378 quomedo
858 1297 930 1360 solis
946 1297 1025 1358 multi
1041 1296 1125 1374 radii,
1199 1289 1202 1292 ’

106 1409 162 1472 'sed
177 1408 278 1471 lumen
294 1429 400 1472 unum:
425 1416 455 1471 et
470 1411 543 1471 rami
560 1410 675 1472 arboris
691 1409 782 1486 multi,
806 1408 859 1471 sed
875 1411 968 1472 robur
983 1427 1072 1472 unum
1090 1405 1126 1486 ¹⁰)

105 1524 204 1584 tenaci
227 1522 329 1584 radice
351 1522 518 1584 fundatum:
542 1529 573 1583 et
595 1540 661 1584 cum
677 1519 714 1599 ¹¹)
738 1520 774 1584 de
798 1521 881 1584 fonte
905 1539 965 1583 uno
984 1521 1040 1584 rivi
1056 1521 1126 1602 piu-

66 1637 173 1699 terimi
196 1636 338 1715 defluunt,
363 1637 562 1700 numerositas
585 1635 654 1698 licet
677 1635 784 1698 diffusa
807 1635 943 1698 videatur
966 1635 1126 1698 exundan-

105 1753 142 1814 tis
163 1748 201 1828 ¹²)
225 1753 330 1831 copiae
353 1751 508 1834 largitate,
542 1751 638 1813 unitas
661 1756 758 1812 tamen
782 1757 921 1812 servatur
944 1751 973 1811 in
997 1750 1124 1834 origine.

105 1865 211 1928 Aveile
232 1861 269 1943 13)
292 1864 407 1927 radium
430 1865 503 1928 solis
527 1883 543 1926 a
567 1882 706 1944 corpore,
731 1863 907 1926 divisionem
930 1865 1004 1928 lucis
1027 1865 1125 1927 unitas

103 1999 166 2042 non
189 1980 282 2060 capit;
314 1980 350 2042 ab
377 1981 485 2042 arbore
517 1980 622 2064 frange
653 1999 784 2060 ramum,
817 1979 929 2044 fractus
951 1982 1123 2066 germinare

104 2115 165 2160 uon
181 2097 315 2177 ·p0terit;
340 2115 356 2158 a
380 2095 464 2160 iente
481 2093 519 2174 ¹⁴)
542 2097 683 2179 praecide
702 2099 808 2175 rivum,
832 2098 987 2180 praecisus
1005 2098 1123 2159 arescit.

107 2233 314 2242 ο-ι--οη-..Δ-

103 2317 197 2360 tenere.
234 2304 270 2356 Ba
295 2308 361 2374 firm.
389 2307 524 2359 uictricem-e
550 2304 703 2372 (veridicare
729 2303 769 2356 Mc
795 2314 821 2358 et
844 2321 860 2358 a
884 2323 904 2358 s.
928 2322 960 2358 m.
980 2305 1050 2372 Mab)
1077 2321 1123 2374 pro

104 2404 191 2447 tenere
217 2396 327 2460 firmiter
350 2401 373 2445 et
396 2395 542 2446 uindicare.
596 2392 624 2459 6)
649 2396 695 2462 pui
719 2397 846 2448 eccleciae
870 2395 1054 2464 praesidemus
1073 2391 1121 2444 Mc.

103 2480 169 2532 Dein
188 2489 211 2532 et
229 2495 274 2546 pro
293 2489 322 2532 ut
340 2479 381 2529 cd.
396 2477 517 2530 Daventr.
553 2477 649 2530 Eadem
668 2480 733 2532 inira
750 2485 915 2550 praebemus.
953 2482 980 2546 7)
998 2485 1124 2552 perfidiae

105 2568 173 2630 Ver..
194 2585 242 2637 per
258 2570 318 2637 pidet
335 2569 593 2636 praeuaricationem
610 2566 661 2618 dib.
706 2567 735 2634 8)
754 2577 794 2622 est
815 2584 834 2620 r.
854 2585 885 2619 m.
904 2569 1080 2635 superscripsit
1098 2569 1124 2618 in

102 2655 152 2706 Mc.
183 2654 249 2706 Dein
269 2671 283 2705 a
303 2659 419 2724 stupetis
440 2664 581 2706 correctum
601 2673 615 2706 e
634 2659 776 2725 sartpuinis
794 2657 819 2707 in
833 2655 881 2706 ttb.
915 2655 1017 2708 Inversa
1035 2655 1124 2706 ordine

103 2744 171 2795 idem
190 2742 266 2793 habet
282 2763 348 2812 pers
369 2747 397 2795 iu
415 2747 538 2796 solidum.
576 2743 604 2807 9)
625 2742 666 2794 tta
686 2743 756 2794 addit
775 2761 883 2812 queque,
903 2742 970 2812 quod
990 2759 1004 2792 c
1024 2741 1123 2794 Cambr.

103 2831 203 2896 recepit
226 2829 367 2896 Pamelius‚
397 2847 472 2899 quem
498 2833 570 2899 sequi
595 2847 645 2882 non
673 2831 801 2882 debebant
826 2830 916 2900 Rigalt.
935 2829 1016 2884 Oxou.
1037 2830 1123 2882 Batus.

104 2917 195 2970 Goidir.
225 2917 287 2971 Tum
306 2923 335 2972 in
354 2921 522 2974 inuititudiue
539 2917 584 2972 Bb.
623 2919 667 2982 10)
688 2923 767 2973 ruder
785 2918 825 2984 W,
843 2924 927 2972 rodier
944 2936 1042 2982 uatum5
1062 2917 1123 2968 alias

104 3011 184 3061 cca-ier
202 3023 256 3060 aaa
274 3023 337 3058 uuus
351 3005 405 3058 itai.
436 3009 522 3059 Artos·
540 3025 593 3060 certa
613 3009 688 3059 etiam
703 3007 725 3058 Α
745 3017 770 3058 et
787 3017 839 3060 tres
853 3006 925 3075 Angt.
939 3023 961 3056 c.
975 3006 1014 3056 ed.
1028 3003 1121 3056 Manui.

102 3093 280 3145 Pameiius:
306 3096 380 3159 „Nan
396 3097 482 3162 placet
500 3097 614 3147 diarrutii
631 3097 735 3148 tectio.“
771 3093 911 3163 Redarguit
928 3093 1081 3144 Latinius
1100 3094 1125 3143 iu

102 3181 171 3233 libro
189 3181 231 3230 cit.
251 3179 277 3232 T.
294 3179 312 3232 1.
331 3197 355 3248 p.
370 3179 428 3234 179.
447 3181 495 3232 col.
511 3183 548 3233 t.:
575 3180 624 3247 „Et
642 3181 691 3234 hoc
710 3200 741 3234 ex
761 3185 790 3234 iis
809 3191 857 3246 est,
876 3199 942 3250 quae
961 3196 1044 3248 neque
1064 3196 1123 3248 ego,

104 3283 189 3336 neque
204 3268 327 3320 Manutius
340 3269 459 3332 mutavit;
479 3268 588 3334 sedem,
608 3270 729 3339 quidquid
751 3270 824 3322 libuit
841 3278 998 3338 pervertere,
1018 3267 1123 3334 addere,

104 3355 226 3419 demere,
253 3371 415 3424 comatripere
440 3373 480 3408 me
504 3358 600 3423 invito,
627 3359 778 3425 permissum
797 3360 866 3410 tutat
903 3357 1039 3424 Perperam
1058 3363 1124 3409 tenet

105 3442 149 3494 Ba.
186 3442 252 3494 Dein
276 3447 435 3515 [undenum
461 3444 523 3496 alias
546 3450 657 3514 fundata
681 3462 745 3498 unus
768 3446 823 3499 tmt.
860 3451 981 3501 Fuctdutu
1004 3446 1063 3495 item
1087 3442 1124 3493 illi

105 3537 156 3581 tres
183 3530 258 3598 Augl.
286 3539 312 3582 et
338 3529 489 3583 Manutiana.
526 3532 553 3583 ln
579 3535 602 3584 Α
629 3534 694 3587 haee
721 3534 819 3588 desunt.
874 3534 919 3602 11)
946 3535 1069 3602 picenium
1092 3529 1122 3582 Α.

105 3616 320 3685 Pmepositionem
338 3622 369 3672 de
387 3634 436 3672 om.
452 3619 498 3670 Bb.
536 3625 616 3674 Fonte
634 3623 659 3672 in
678 3621 699 3673 Α
719 3630 862 3690 corruptam
882 3623 906 3672 in
924 3626 999 3691 forte.
1037 3617 1082 3683 12)
1101 3627 1126 3673 et

105 3707 235 3759 undantis
252 3704 329 3758 idem.
385 3706 430 3775 13)
456 3704 546 3758 1an
572 3711 654 3762 caetis
678 3725 697 3760 s.
717 3725 750 3761 m.
768 3711 875 3760 mutavit
897 3709 923 3760 in
941 3711 1029 3762 evelle.
1065 3705 1124 3758 Mox

106 3793 173 3845 idem
200 3793 266 3845 liber
294 3797 384 3848 unitae
411 3805 503 3848 temen.
540 3795 710 3864 Negationem
735 3798 912 3864 superscripsit
935 3813 954 3848 r.
974 3813 1006 3847 m.
1031 3795 1057 3845 in
1074 3792 1122 3846 Mc.

109 3880 152 3944 11)
177 3901 194 3934 a
216 3887 305 3953 [rente
328 3881 366 3934 tta
391 3892 418 3934 et
434 3882 521 3936 Belua.
557 3883 620 3936 Tum
647 3889 748 3940 arescit
773 3885 846 3938 codd.
873 3887 952 3938 nostri
971 3895 1070 3936 'omues
1097 3887 1125 3934 ct

108 3970 219 4038 quinqua
245 3969 362 4040 duplici,
389 3972 448 4024 item
475 3973 519 4040 qui
544 3971 569 4024 h.
593 3972 611 4025 1.
640 3972 725 4025 laudat
751 3973 776 4026 S.
802 3974 1007 4044 Augustinus
1035 3980 1124 4025 contra

109 4052 227 4108 crescon.
253 4055 377 4113 tionum.
401 4059 429 4113 i..
447 4059 477 4113 11.
503 4077 525 4113 c.
546 4059 588 4114 33.
612 4062 696 4128 §.42
723 4062 792 4119 Tem.
811 4062 850 4116 tx.
873 4079 898 4131 p.
917 4061 977 4115 131.
995 4060 1027 4115 D.
1067 4061 1128 4116 Aca
