2874 4806
613 467 676 538 15¹?

129 627 240 692 tatibus
263 636 295 692 et
316 628 481 694 commodis
503 632 613 695 vestris
635 630 765 695 fideliter
788 633 1005 696 consulentem.
1050 631 1161 698 Estote

129 742 207 805 tales
230 743 332 823 quales
356 760 412 806 vos
439 743 513 809 deus
544 742 653 808 artifex
669 742 696 821 2)
727 744 814 824 focit3
847 753 946 810 estote
973 748 1047 810 tales
1076 765 1155 828 qua-

125 855 173 920 les
220 874 275 949 vos
318 875 423 921 manus
467 860 558 941 patris
578 855 606 937 3)
648 860 791 937 instituit3
835 867 952 924 maneat
989 833 1023 925 in
1067 861 1155 926 vobis

127 970 223 1034 laoies
245 971 436 1054 incorrupta,
467 973 572 1036 cervix
594 991 685 1054 pura,
717 973 812 1036 forma
835 973 964 1037 sineere.
1009 973 1077 1040 Non
1103 974 1156 1038 in·

101 1084 267 1149 oferantur
289 1085 410 1149 auribus
433 1087 575 1165 vulnera,
608 1105 666 1149 neo
695 1087 816 1150 braobia
846 1087 976 1152 includat
1004 1096 1054 1152 aut
1082 1089 1156 1154 oolla

129 1197 168 1261 de
192 1197 312 1262 armillis
335 1205 366 1262 et
388 1199 546 1264 monilibus
563 1196 590 1278 ⁴)
615 1205 719 1263 catena
743 1203 892 1281 pretiosa,
916 1203 976 1265 sint
998 1221 1014 1265 a
1038 1221 1155 1286 oonpe-

129 1313 218 1378 dibus
242 1315 342 1380 aureis
365 1314 459 1395 pedes
482 1315 579 1394 liberi,
603 1315 703 1378 crines
726 1315 809 1379 nullo
833 1315 938 1380 colore
954 1316 1054 1396 fucati,
1078 1318 1157 1382 oouli

129 1428 345 1511 conspiciendo
369 1428 426 1492 deo
451 1428 542 1511 digni.
589 1427 786 1493 celebrentur
812 1431 932 1495 lavacra
948 1428 977 1510 ⁵)
1001 1449 1074 1509 ,oum
1104 1430 1156 1494 le·-

128 1542 234 1623 minis,
265 1559 390 1623 quarum
419 1541 450 1602 in
481 1557 536 1604 vos
566 1540 674 1623 pudiea
707 1542 817 1606 lavatio
841 1549 895 1606 est.
940 1543 1115 1626 Nuptiarum
1127 1541 1155 1623 6)

91 1655 209 1720 nfesta
230 1655 357 1738 inproba
380 1659 410 1717 at
433 1653 571 1718 convivia
594 1651 706 1716 lasciva
737 1655 885 1736 vitentur,
916 1675 1043 1738 quorum
1068 1658 1159 1739 peri-'

130 1771 237 1834 oulose
267 1767 409 1852 contagio
443 1773 498 1830 est.
553 1766 649 1829 Vinea
681 1773 799 1830 vestem
833 1787 911 1850 quae
944 1770 1033 1855 virgo
1066 1788 1100 1834 es
1118 1765 1154 1851 ⁷),

129 1885 221 1950 vince
250 1901 353 1948 aurum
384 1899 462 1963 quae
493 1897 614 1944 carnem
640 1881 735 1945 vineis
759 1887 789 1944 et
811 1883 971 1947 saeculum.
1016 1885 1083 1950 Non
1107 1892 1155 1950 est

131 2146 158 2196 in
178 2142 259 2196 tribuo
277 2141 354 2195 codd.
376 2139 431 2192 Ital.
450 2147 476 2191 et
494 2139 553 2192 edd.
572 2137 716 2190 Manutiana
735 2137 924 2207 antiquioribus.
952 2138 1026 2191 ¹lteiu
1045 2142 1154 2208 expunxi

128 2248 184 2299 me,
214 2229 283 2299 quod
302 2227 406 2280 additur
423 2229 449 2279 in
468 2243 514 2278 sex
532 2225 606 2278 codd.
625 2224 738 2295 Angliois
757 2233 784 2278 et
800 2239 852 2276 uuo
870 2225 939 2291 lul,
964 2235 1053 2297 utpote
1072 2231 1152 2280 omio-

129 2333 187 2369 sum
205 2318 230 2369 iu
250 2313 293 2370 W.
311 2311 410 2366 Mabed.
429 2310 471 2366 Fr.
490 2312 571 2365 Erum.
592 2312 615 2363 1.
637 2312 661 2364 2.
682 2310 711 2365 B.
729 2311 751 2364 Α
770 2320 797 2364 et
821 2313 847 2364 in
866 2313 925 2365 edd.
944 2311 1106 2366 Baluzianem
1128 2323 1155 2368 et

129 2377 352 2457 Goldbornnnam⁰
362 2399 575 2470 praecedentibus
595 2408 702 2468 excepta
721 2399 886 2465 Mureniana,
911 2402 936 2452 iu
955 2418 1005 2471 qua
1023 2411 1081 2454 ante
1099 2406 1153 2457 itu·

129 2513 179 2566 que
196 2495 319 2546 insertum
338 2499 384 2544 est.
428 2490 477 2542 Pro
496 2493 626 2545 timentem
644 2487 774 2540 bloralliue
802 2497 828 2540 et
846 2488 972 2542 Pamoliuo
997 2491 1152 2558 scripserunt

129 2586 278 2646 docentem,
305 2579 373 2649 quod
398 2581 422 2630 in
445 2595 491 2631 sex
509 2577 583 2630 codd.
602 2578 710 2646 antiquio
729 2577 824 2644 reperit
843 2579 919 2630 etium
937 2575 1063 2633 Baluuiue.
1101 2578 1153 2632 Sed

106 2655 107 2658 ¹
129 2669 233 2721 alteram
258 2667 395 2734 lectionem
419 2673 523 2719 tuentur
547 2665 622 2718 codd.
641 2666 722 2717 nostri
748 2679 836 2717 omnes
864 2672 890 2716 et
907 2664 1151 2735 viginti'Baluziani.

128 2757 186 2809 blox
204 2755 226 2808 Α
246 2755 350 2808 exbibet
368 2772 400 2810 oe
420 2757 572 2809 commodio-
619 2754 648 2818 2)
667 2757 734 2808 &uo
755 2756 856 2823 artifex
874 2757 939 2808 deuo
959 2753 1033 2807 offert
1050 2754 1080 2821 B,
1099 2775 1150 2810 or-

128 2847 197 2914 tifao·
214 2847 280 2898 deae
299 2843 542 2910 deuteromium,
562 2857 628 2911 quae
641 2842 812 2895 blanutienum
831 2849 1033 2895 antecesserunt.
1069 2843 1097 2908 3)
1111 2847 1152 2898 dei

127 2935 214 3000 putria
240 2931 280 2983 ed.
300 2929 421 2983 Daventr.
468 2929 497 2994 4)
524 2933 673 2985 munilibus
691 2928 733 2983 Fr.
751 2929 833 2981 Emm.
854 2929 877 2982 1.
918 2929 985 2983 Dein
1008 2934 1151 3002 praetiosa

129 3024 238 3073 aotbmea
257 3017 315 3070 edd.
334 3027 396 3072 vett.
416 3036 439 3071 o.
458 3018 549 3071 llemb.
569 3027 595 3071 et
612 3017 719 3085 Erasm,
737 3022 863 3089 preciosa
882 3028 974 3074 cotenu
988 3018 1062 3072 Grau.
1092 3017 1150 3069 blox

125 3111 205 3178 pedor
223 3109 309 3163 vestri
325 3105 354 3158 B.
391 3104 455 3157 Tum
475 3110 658 3177 corrupioiendi
674 3106 715 3159 Fr.
735 3105 816 3159 Emm.
838 3107 861 3158 1.
898 3106 926 3172 5)
945 3103 1106 3160 lovaobraA
1124 3111 1151 3156 et

128 3193 223 3248 blorell.
254 3195 356 3246 Deinde
374 3195 403 3247 in
420 3211 470 3247 eoa
485 3197 584 3264 pudiea
602 3193 723 3246 exhibent
735 3195 809 3247 codd.
821 3193 863 3247 W.
876 3192 965 3245 blabd..
974 3192 1015 3246 Fr.
1028 3192 1110 3244 Emm.
1125 3191 1148 3242 1.

126 3283 155 3337 B.
174 3283 213 3349 Α,
239 3282 289 3334 duo
307 3280 363 3334 Ital.
383 3288 410 3332 et
433 3297 464 3333 ex
489 3297 554 3335 corr.
579 3300 600 3334 r.
620 3299 652 3335 m.
672 3282 711 3334 blo
736 3299 786 3334 uua
807 3299 865 3334 cum
891 3289 1009 3351 quattuor
1026 3279 1148 3348 Anglicie,

126 3369 265 3441 item1edd.
284 3377 388 3440 praeter
402 3367 497 3421 Meuut.
517 3377 543 3422 et
557 3368 647 3436 oxon,
667 3387 682 3422 a
701 3369 792 3439 qulbus
810 3370 917 3424 voculae
934 3374 962 3423 in
980 3387 1029 3424 ooo
1047 3369 1148 3431 abeunt,

125 3475 209 3527 paene
228 3472 331 3522 omues3
356 3462 385 3513 in
414 3476 464 3513 eoo
490 3458 583 3510 rectius
608 3461 633 3511 in
651 3458 710 3510 Ver.
731 3467 757 3511 et
775 3457 870 3510 Manat.
889 3459 968 3510 omitti
987 3457 1082 3510 iudicat
1099 3456 1146 3509 Ri-

125 3546 228 3616 galtiuo,
246 3550 317 3601 inter
333 3564 385 3602 voe
403 3547 505 3613 scripsit
517 3544 634 3600 Baluziue
648 3563 679 3599 ex
694 3548 761 3598 coni.
774 3545 888 3611 Pamelii‚
908 3563 975 3616 quae
989 3548 1061 3599 irater
1071 3547 1147 3600 oolla

124 3635 151 3687 in
169 3642 281 3686 mentem
298 3635 371 3687 venit
389 3632 554 3686 Goldbomio.
590 3634 623 3703 6)
640 3638 788 3705 Nuptorom
802 3632 833 3686 Α.
869 3632 936 3687 Part.
955 3642 979 3688 et
996 3633 1063 3685 idem
1082 3632 1147 3684 liber

124 3737 175 3774 our.
194 3737 304 3791 moxque
323 3721 402 3773 babet
420 3725 541 3777 lascivio.
577 3722 627 3774 Pro
646 3733 670 3777 et
688 3725 811 3777 convivia
829 3725 933 3776 tobalea
946 3722 970 3771 in
984 3719 1040 3771 Ver.
1054 3719 1147 3789 legitur

123 3817 148 3863 et
166 3813 304 3863 temulento
327 3813 456 3865 conuiuia.
492 3807 519 3860 ln
537 3811 656 3876 proximis
675 3809 717 3863 Fr.
735 3810 817 3862 Emm.
838 3808 861 3861 l.
880 3824 930 3860 om.
948 3819 996 3863 oet.
1040 3807 1068 3872 7)
1088 3806 1145 3858 Ad-

124 3895 185 3948 duut
204 3896 254 3947 duo
272 3895 331 3948 Vat.
351 3913 417 3968 quoe
437 3901 482 3952 deo
504 3901 605 3952 seroie.
649 3898 751 3950 liabent
773 3898 837 3950 haec
860 3897 935 3948 etiam
953 3894 1050 3947 Erasm.
1070 3891 1143 3946 Grau.

123 3982 217 4036 Pamel.
236 3981 328 4052 Rigalt.
347 3983 394 4038 01.
430 3983 479 4037 Sed
499 3983 617 4038 Baluuiue
640 3988 731 4038 merito
757 3987 884 4057 expunxit.
926 3983 983 4036 blor
1007 3971 1096 4038 vineto
1118 3985 1145 4034 in

122 4069 181 4126 blm
199 4079 301 4126 anatum
319 4079 359 4126 eut
376 4088 393 4125 o
409 4076 512 4144 ιιιίισιι,
531 4074 600 4143 quod
620 4075 705 4144 reperi
721 4075 748 4127 in
765 4075 796 4127 Α.
