2872 4806
802 443 845 505 52

311 619 388 686 pace
408 619 598 678 maneamus;
621 603 648 664 si
670 601 722 664 filii
743 599 793 662 dei
815 617 928 678 snmus,
949 599 1066 680 pacifici
1089 617 1160 661 esse
1177 597 1330 660 debcmrm.

310 716 412 792 Beati,
434 717 530 797 iuquit
543 711 596 793 ¹³),
614 715 753 796 pacifici,
776 716 925 796 quonian
947 711 1062 794 ipsin)
1081 715 1141 794 filit
1162 713 1214 774 cici
1227 731 1331 775 oocu-

310 829 434 892 bcntcr.
477 827 620 888 Pacificos
642 845 713 888 csse
735 833 856 908 oportet
877 823 916 903 ¹⁵)
938 825 987 888 dei
1009 825 1097 904 filios,
1120 824 1213 889 corde
1234 827 1332 904 mites,

311 961 452 1006 sermone
480 943 647 1026 simplices,
686 941 858 1004 adfectione
891 940 1076 1020 concordes,
1112 940 1240 1004 fidetiter
1275 940 1333 1002 sssti

284 1057 509 1121 sunanimitatis
540 1058 669 1120 nexibus
697 1053 907 1119 cohaerentes.
957 1055 1041 1118 Haec
1070 1056 1245 1118 unanimitas
1275 1055 1332 1116 sub

312 1171 455 1252 apostolis
478 1172 548 1235 olim
570 1172 632 1234 init
670 1171 721 1236 Sic
743 1189 841 1234 novus
863 1169 1049 1233 credentium
1070 1169 1198 1251 poputus
1220 1167 1334 1230 dommi

310 1283 446 1346 mandata
472 1283 644 1346 custodiens
672 1285 824 1346 caritatem
853 1301 938 1345 snam
968 1283 1070 1344 tenuit
1115 1281 1224 1344 Probm
1249 1282 1333 1344 scri-

310 1403 396 1479 ptura
412 1397 511 1460 divina
527 1393 574 1476 ¹⁶),
590 1416 668 1478 quae
685 1398 756 1460 dicit
770 1392 823 1474 ¹⁷):
843 1396 949 1460 Turbo
964 1405 1066 1460 auten
1081 1391 1119 1474 ¹⁸)
1137 1416 1254 1473 eorm,
1279 1396 1335 1476 qui

310 1513 522 1590 crediderunt,
545 1514 653 1574 animo
675 1519 706 1573 et
727 1520 827 1574 mento
842 1531 910 1573 unc
924 1511 1067 1592 npebnnt.
1102 1510 1140 1572 Et
1154 1511 1261 1572 iterum
1275 1505 1333 1588 ¹⁹J:

272 1651 298 1696 tc
311 1626 353 1688 Et
374 1635 465 1690 crunt
483 1634 726 1705 perseverantes
748 1621 907 1704 omucsw)
929 1626 1093 1688 unanima
1122 1626 1158 1685 iu
1187 1624 1334 1687 oratione

312 1761 381 1802 com
401 1741 583 1803 mutieribus
604 1749 636 1803 et
656 1742 778 1818 Maria,
805 1760 886 1823 ponc
905 1737 1069 1818 sacratu)
1089 1746 1188 1801 mater
1209 1737 1283 1800 locu
1306 1744 1337 1798 ct

309 1853 466 1933 frutribus
487 1853 563 1916 cicc.
607 1853 645 1916 Et
666 1852 735 1916 ideo
755 1850 798 1929 ²²)
821 1851 993 1915 efficacibus
1021 1851 1165 1934 precibus
1196 1849 1334 1929 orabant,

153 1160 163 1192 1

312 2049 519 2061 *nu—u·—

385 2173 431 2241 13)
448 2174 533 2227 match.
552 2174 585 2239 5,
604 2173 628 2225 9.
665 2172 710 2237 14)
736 2174 797 2243 poio
822 2175 877 2241 ipsi
901 2170 951 2224 111).
987 2171 1055 2224 Dein
1080 2181 1214 2227 nocmctnr
1235 2187 1274 2240 pr.
1294 2169 1335 2224 W.

314 2263 360 2334 15]
377 2282 438 2319 esso
460 2281 511 2318 ooo
537 2271 638 2334 oportet
661 2259 718 2326 tib,
745 2269 843 2331 oportet
867 2278 928 2314 cuc
952 2257 1000 2312 Bb.
1036 2260 1063 2311 ln
1088 2275 1159 2329 seqq.
1179 2261 1336 2326 cmtcorricae,

311 2355 371 2424 fidei
394 2355 503 2406 atciiloa
526 2349 579 2416 Ba,
603 2353 652 2422 fido
675 2351 785 2404 stabiles
804 2348 916 2400 Lincoln.
935 2364 976 2415 ap.
997 2345 1079 2400 Oxou.
1116 2347 1204 2398 Statim
1220 2349 1270 2412 filii
1288 2359 1337 2413 pro
1424 2363 1425 2416 }

312 2443 367 2493 siti
386 2436 417 2492 Α.
454 2437 499 2503 16)
519 2441 627 2503 divino,
653 2437 722 2506 qnod
741 2453 756 2488 e
774 2435 819 2488 iis.
838 2439 934 2504 primns
952 2436 1046 2488 adiecit
1063 2434 1199 2498 Pometiae,
1218 2434 1339 2483 omittunt
1424 2429 1425 2434 ’

314 2525 416 2593 quidem
434 2524 509 2576 codd.
530 2524 570 2577 W.
589 2525 670 2577 itaci.
689 2524 727 2578 Bb
746 2533 772 2576 et
790 2525 828 2590 Α;
846 2524 894 2576 sed
913 2531 1016 2575 tuentur
1033 2537 1084 2574 non
1102 2521 1184 2574 solum
1203 2519 1260 2570 libri
1276 2518 1338 2570 Ver.

314 2609 356 2662 stt>
376 2620 451 2680 atque
463 2608 510 2676 Ba,
528 2613 574 2664 sed
593 2614 668 2664 ctiam
684 2611 804 2682 Cypriani
820 2611 943 2681 loquendi
962 2628 1031 2665 usus.
1062 2609 1118 2662 vid.
1140 2609 1172 2660 de
1191 2614 1254 2659 orat.
1268 2606 1339 2658 dom.

315 2713 339 2766 p.
361 2697 429 2763 212,
456 2697 497 2748 ubi
517 2697 607 2749 cadem
625 2697 706 2750 verba
724 2699 851 2768 teguntur.
887 2698 952 2749 lbid.
972 2715 998 2766 p.
1018 2697 1068 2748 205
1095 2695 1185 2747 hahet:
1212 2695 1339 2750 Doclarct

315 2788 454 2856 scripturo
477 2789 583 2853 divissa,
612 2803 678 2855 punc
701 2789 773 2840 dicit.
822 2785 902 2852 Epist.
926 2784 998 2836 txtt.
1023 2803 1049 2854 p.
1076 2782 1140 2834 103:
1168 2809 1199 2820 -·
1224 2789 1342 2834 testatur
1424 2781 1425 2800 ¹

315 2877 452 2943 scripturo
479 2877 586 2940 divina,
614 2891 680 2943 quac
705 2876 776 2928 dicit.
827 2872 867 2925 De
893 2873 1048 2925 mortalitate
1073 2890 1099 2941 p.
1118 2871 1185 2922 231:
1210 2873 1295 2924 Docet
1317 2876 1342 2922 ot

313 2963 465 3031 praemonet
487 2965 626 3031 scripturn
653 2965 743 3016 divina
762 2965 862 3016 dicens.
900 2960 974 3013 Geni.
994 2961 1076 3028 Epist.
1094 2957 1176 3010 111111.
1195 2974 1222 3025 p.
1242 2955 1293 3006 105
1316 2963 1342 3007 et

318 3046 375 3100 108.
414 3047 458 3118 171
477 3050 533 3101 Act.
548 3049 573 3114 1,
594 3048 636 3102 32.
675 3049 720 3117 18)
739 3059 826 3104 antem
844 3049 954 3102 omMc.
990 3049 1049 3101 Mox
1066 3049 1133 3100 idern
1153 3047 1229 3104 habet
1247 3049 1341 3099 creut-

317 3137 421 3202 dcruot‚
442 3145 493 3188 tum
512 3142 598 3192 animo
619 3137 738 3190 scribitur
755 3139 781 3188 in
798 3136 845 3189 Bb.
878 3137 945 3188 Dein
962 3153 993 3190 cc
1011 3146 1096 3208 sponte
1108 3137 1135 3186 in
1150 3133 1184 3184 W
1199 3142 1225 3184 ct
1238 3131 1341 3185 Mabcd.

320 3221 364 3290 19)
374 3222 429 3276 Act.
442 3225 467 3289 1,
482 3224 521 3276 14,
551 3225 597 3293 20)
610 3243 699 3280 cornea
710 3225 785 3277 abest
794 3242 809 3277 a
818 3225 899 3277 tribus
909 3224 965 3276 Vnt.
975 3226 1085 3292 itemque
1099 3222 1130 3274 ab
1145 3222 1203 3275 edd.
1212 3220 1341 3272 Manutia-
1424 3209 1425 3216 ¹

318 3325 375 3362 nam
385 3311 602 3365 antecedentibus.
631 3311 1025 3367 Tumioorationituodatssb.
1051 3310 1098 3380 21)
1110 3314 1163 3382 fuit
1176 3318 1202 3361 et
1214 3308 1255 3359 hic
1268 3315 1295 3359 et
1308 3307 1341 3359 de
1424 3331 1425 3354 ι

319 3407 383 3449 orat.
397 3397 489 3450 domin.
502 3418 527 3470 p.
543 3401 594 3454 206
608 3402 709 3454 exhibet
721 3401 752 3452 tt.
792 3401 829 3453 lta
841 3400 967 3454 Pametius
978 3408 1086 3468 utroque
1098 3398 1156 3450 loco
1170 3414 1201 3448 ex
1214 3411 1264 3448 uno
1282 3395 1341 3447 cod.

320 3484 420 3540 Camhr.
432 3491 568 3557 scripserat
587 3508 695 3560 cumque
707 3499 807 3542 temere
829 3491 909 3541 secuti
921 3496 979 3540 sunt
992 3486 1117 3556 Rigaltins
1135 3493 1161 3536 et
1174 3482 1341 3536 Oxonienses.
1424 3481 1425 3504 ¹

320 3569 438 3626 Ceterum
456 3577 522 3629 hanc
538 3578 675 3632 lectionem
694 3577 810 3629 Balnzins
828 3593 879 3628 non
897 3579 1005 3644 reperit,
1031 3576 1081 3627 nisi
1099 3576 1125 3625 in
1144 3573 1202 3624 cod.
1220 3571 1342 3624 Remonsi

320 3663 401 3713 sancti
420 3661 544 3730 Dionysii.
580 3662 643 3716 Tum
666 3668 744 3719 ihesu
768 3663 845 3714 habet
865 3663 905 3714 ed.
925 3663 1056 3727 Daventr.‚
1074 3669 1202 3728 utsupra
1239 3657 1286 3726 22)
1305 3657 1343 3710 Et

322 3751 380 3804 idco
404 3755 465 3820 quia
492 3751 579 3805 Baluz.
604 3761 692 3804 contra
716 3751 832 3804 codicum
858 3759 884 3802 ct
909 3752 1067 3820 superiorum
1092 3748 1229 3801 editionum
1255 3745 1341 3796 tidem.

322 3837 371 3892 Pro
388 3845 513 3910 precibus
530 3841 597 3893 inA
620 3842 713 3911 legitur
738 3844 919 3905 orationibus,
943 3839 1066 3905 deinceps
1090 3839 1115 3888 in
1134 3833 1233 3887 dnobus
1250 3831 1342 3884 Italicis

324 3937 429 3982 crostica
449 3932 525 3984 deum
542 3934 603 4000 imp.
623 3938 649 3981 et
667 3933 729 3983 adon
747 3943 794 3998 pro
812 3930 869 3983 idco
892 3930 917 3979 in
935 3926 966 3981 Α.
1002 3926 1061 3978 tica
1079 3928 1121 3980 dci
1136 3937 1183 3992 pro
1201 3919 1270 3990 vulg.
1289 3922 1340 3974 do-

324 4019 390 4073 mini
407 4025 538 4085 receptum
556 4035 571 4070 e
590 4018 664 4070 codd.
683 4017 743 4070 Ver.
762 4015 808 4068 W.
820 4015 902 4070 Mnbc.
920 4013 965 4068 Ba.
984 4013 1016 4066 Α»
