2874 4806
511 537 513 542 .
580 463 641 530 123

110 619 171 683 tulit
191 621 353 699 sanitatem,
375 639 433 683 nec
455 620 577 686 habenis
599 621 701 686 liberis
724 629 754 688 et
777 623 881 687 solutis
903 623 1005 709 vagari
1031 629 1118 707 post-

110 733 225 797 modum
253 733 376 816 patitur,
408 734 461 796 sed
492 736 563 816 ipsis
595 735 710 818 polius,
740 736 847 816 quibus
870 743 990 799 sanatus
1013 734 1118 816 luerat,

110 849 270 928 mancipato
302 848 422 930 gravius
452 850 646 913 comminatur
667 849 747 931 quod
771 851 807 912 sit
831 849 944 912 scilicet
963 847 1001 927 ¹⁴)
1024 851 1120 912 minor

110 961 191 1042 culpa
225 961 387 1042 deliquisse
419 969 503 1042 ante,
538 983 603 1027 cum
637 964 764 1028 necdum
796 983 905 1028 nosses
941 964 1121 1048 disciplinam

90 1073 166 1153 odei,
190 1076 270 1137 nulla
293 1075 331 1137 sit
353 1078 440 1139 venia
456 1079 532 1140 ultra
548 1077 733 1159 delinquere,
756 1085 911 1160 postquam
928 1079 1015 1142 deum
1031 1097 1121 1142 nosse

112 1189 242 1269 coepisti.
287 1189 325 1251 Et
354 1188 470 1270 quidem
501 1191 559 1252 boc
589 1195 647 1253 tam
676 1190 733 1253 viri
763 1209 849 1272 quam
880 1192 1033 1270 mulieres,
1063 1197 1121 1253 tam

111 1303 194 1382 pueri
216 1321 302 1382 quam
322 1299 327 1385 l
347 1303 473 1400 puellae,
496 1321 587 1368 sexus
611 1306 705 1367 omnis
726 1302 763 1382 ¹⁵)
793 1311 881 1386 atque
913 1305 1007 1367 omnis
1040 1310 1121 1367 aetas
1136 1314 1174 1359 1⁷⁴

112 1416 251 1478 observet
275 1423 304 1478 et
326 1425 410 1480 curet
432 1435 486 1500 pro
509 1418 656 1501 religione
681 1425 710 1480 et
732 1417 807 1497 ide,
832 1437 918 1500 quam
942 1419 999 1481 deo
1024 1416 1122 1497 debet,

112 1529 252 1609 nequod
275 1535 405 1592 sanctum
430 1537 459 1592 et
480 1549 585 1612 purum
609 1530 647 1592 de
677 1531 787 1593 domini
820 1531 989 1614 dignatione
1020 1534 1122 1614 perci-

81 1641 186 1722 sopitur
208 1643 306 1706 minus
328 1643 454 1706 sollicito
478 1645 583 1708 timore
607 1650 742 1707 teneatur
757 1641 806 1724 ¹⁶).

590 1839 649 1906 Ill.

195 1981 283 2043 Nunc
301 1979 328 2056 ¹)
350 1982 438 2044 uobis
462 1982 499 2043 ad
522 1983 655 2065 virgines
682 2001 782 2048 sermo
815 1995 878 2065 est,
908 2005 1031 2067 quarum
1064 2005 1124 2068 quo

114 2093 263 2158 sublimior
290 2094 386 2176 gloria
415 2101 477 2174 est,
507 2096 602 2158 maior
624 2103 654 2158 et
677 2115 746 2159 cura
770 2106 823 2161 est.
870 2099 939 2161 Flos
964 2107 1010 2161 est
1034 2100 1083 2161 ille
1097 2097 1124 2176 ²)

118 2229 138 2236 ι..
145 2231 320 2240 -ι--η--ι

92 2315 95 2324 ·
182 2291 229 2361 14)
247 2295 351 2346 seilicet
368 2308 417 2344 om.
432 2291 463 2344 A.
493 2291 610 2345 Proxime
628 2296 679 2362 qud
695 2296 807 2348 medeam
823 2295 890 2347 idem
909 2296 975 2348 liber
992 2304 1017 2349 et
1034 2305 1126 2350 orasset

114 2378 162 2430 ltul.
188 2379 212 2430 2.
255 2378 304 2430 Pro
329 2383 371 2433 dei
392 2381 432 2432 tte
456 2383 561 2434 densiori.
604 2379 665 2430 Tum
688 2384 811 2451 nullaque
835 2386 865 2436 Α.
909 2383 967 2436 lllox
993 2388 1125 2438 dominum

113 2487 189 2524 nosue
206 2468 263 2521 ltal.
282 2469 323 2533 3.‚
343 2471 402 2520 item
422 2468 480 2520 edd.
499 2476 561 2519 vett
581 2485 602 2518 c.
622 2463 718 2520 Edasm.
738 2468 811 2522 Grau.
831 2478 907 2539 atque
925 2470 1022 2522 blorell.
1059 2469 1124 2522 Dein

114 2561 219 2626 cepisse¹
234 2555 282 2624 llld.
320 2555 366 2624 15)
385 2559 472 2610 omnia
490 2572 577 2610 sexana
596 2555 650 2620 blo,
676 2561 762 2610 umoris
787 2576 875 2612 semare
898 2562 1034 2627 amicisque
1053 2567 1126 2612 actae

115 2643 141 2696 ll.
176 2644 240 2697 Tum
260 2655 336 2714 atque
355 2655 429 2698 curet
449 2644 533 2707 idem,
553 2655 628 2713 atque
644 2656 768 2714 procuret
787 2645 845 2698 edd.
864 2653 926 2697 vett.
945 2662 967 2697 c.
985 2643 1081 2697 Erasm.
1100 2655 1127 2700 et

115 2731 184 2784 Grau.
215 2731 303 2783 Statim
320 2736 451 2802 rctepione
469 2748 507 2800 pr.
521 2731 572 2784 blb.
605 2730 722 2783 Proxime
741 2736 844 2787 domino
863 2737 933 2788 debet
945 2735 1018 2786 codd.
1031 2734 1086 2786 ltal.
1099 2733 1125 2799 2,

114 2819 221 2889 itemque
243 2819 300 2871 edd.
321 2819 461 2871 llanutiaua
481 2821 635 2887 antiquiores
655 2828 680 2870 et
692 2820 789 2872 blorell.
821 2821 869 2872 Pro
888 2821 1046 2875 sanctumb
1063 2838 1125 2890 per-

115 2924 196 2974 peram
216 2912 327 2975 (cetum,
347 2906 475 2976 Bpurum
488 2919 512 2962 et
529 2919 657 2961 sunctum.
687 2907 787 2959 Deinde
803 2914 894 2963 minua
912 2918 987 2963 ennete
1005 2920 1029 2963 et
1046 2913 1126 2964 solli-

116 3001 162 3050 cito
180 3002 274 3051 liotore
291 2995 348 3046 cod.
367 2993 459 3046 Turon.
500 2994 544 3058 16)
564 2993 602 3045 Ex
621 2995 678 3045 cod.
698 2994 783 3064 ntttg.
804 2995 867 3063 [non
890 2993 1073 3059 cambron,
1099 3004 1127 3046 ut

116 3082 204 3152 legitur
222 3101 261 3150 ap.
281 3082 366 3134 Belua.
385 3099 410 3150 p.
429 3082 503 3149 sut]
522 3091 548 3134 et
567 3091 618 3134 vet.
638 3099 722 3134 excus.
744 3084 837 3150 [nimir.
856 3083 991 3148 librante]
1033 3081 1125 3134 Pame-

118 3171 160 3224 lius
178 3171 275 3223 addidit
293 3173 369 3223 haec:
389 3176 449 3239 puio
469 3175 600 3239 scriptum
619 3180 676 3224 est.-
695 3175 749 3238 Qui
766 3173 979 3239 perseveraverit
996 3187 1080 3238 usque
1098 3173 1127 3222 in

117 3263 187 3326 finem
204 3264 248 3313 bic
267 3262 363 3314 auteur
383 3263 446 3328 erit,
472 3259 667 3312 assentientibus
685 3259 796 3328 lltgaltio
816 3267 841 3310 et
859 3257 946 3322 Folio,
969 3259 1125 3326 improbante

118 3354 195 3400 tamen
215 3347 334 3412 baluzio,
360 3348 438 3415 idque
456 3350 511 3398 iure
529 3348 633 3408 merito;
659 3346 731 3420 deest
756 3349 822 3397 enim
842 3347 1043 3397 additamentum
1062 3345 1127 3396 istud

119 3433 206 3504 ubique
225 3437 251 3486 iu
273 3435 347 3487 codd.
367 3433 399 3486 ab
418 3448 450 3485 eo
470 3435 577 3499 collatis,
596 3437 655 3485 item
677 3436 702 3484 in
721 3449 814 3485 novem
829 3430 941 3501 Augllcis
963 3435 1024 3484 etin
1038 3434 1127 3485 nostris

120 3520 238 3574 omuibus.

183 3609 224 3662 lll.
251 3610 279 3677 1)
291 3614 369 3665 llune
387 3611 417 3662 Α.
454 3610 514 3662 Tum
533 3615 633 3681 pluria,
659 3616 785 3666 etmoior
803 3619 927 3663 coereeat
951 3607 1006 3673 bld,
1032 3610 1127 3678 pluria,

19 3705 20 3726 ¹
121 3700 200 3750 maior
218 3697 274 3748 edd.
294 3705 355 3749 vett.
375 3715 396 3748 c.
413 3696 509 3748 Erasm.
529 3695 603 3749 Grau.
622 3707 699 3766 utque
718 3697 815 3749 blorell.
851 3695 987 3763 Perperum
1008 3705 1062 3748 tuto
1081 3711 1128 3762 pro

19 3791 20 3796 ’
124 3799 184 3836 eura
203 3785 232 3837 Α.
273 3789 324 3839 lbet
349 3784 373 3837 lu.
392 3785 408 3836 l.
428 3801 477 3837 om.
497 3785 536 3836 Fr.
557 3785 636 3837 Emm.
656 3786 679 3836 2.
699 3794 725 3836 et
746 3784 770 3836 S.
797 3785 964 3852 Augustin.
991 3783 1022 3833 de
1048 3782 1127 3833 doctr.

124 3867 208 3923 cusas.
228 3872 268 3924 tv.
286 3874 329 3926 21.
354 3877 379 3939 ς.
397 3874 438 3926 m.
463 3873 491 3925 r.
509 3872 550 3926 tlt.
582 3873 607 3927 r.
627 3873 645 3924 1.
672 3891 697 3941 p.
716 3874 758 3926 ar.
787 3872 816 3925 u.
836 3870 1030 3923 asseruerimus
1055 3869 1127 3921 soon.
1178 3855 1182 3863 ’

124 3955 225 4028 Frising.
238 3961 385 4031 Windberg.
398 3961 502 4014 Palatiu.
539 3961 567 4026 2]
586 3965 627 4014 illi
638 3962 670 4027 Α,
690 3964 745 4014 tttte
759 3960 807 4025 lla,
825 3961 873 4012 iiio
892 3959 964 4010 codd.
979 3957 1085 4026 Frislng.
1104 3965 1129 4008 et

125 4041 219 4100 Wiudb.
237 4049 261 4102 iu
279 4049 383 4124 August.
401 4049 418 4101 l.
437 4067 460 4102 c.
495 4047 572 4102 Paulo
591 4057 649 4116 post
667 4051 819 4121 spiritualia
837 4047 885 4102 otc.
921 4045 949 4100 ln
968 4061 1040 4114 seqq.
1055 4054 1129 4114 atque
