<?xml version="1.0" encoding="UTF-8"?>
<!DOCTYPE html PUBLIC "-//W3C//DTD XHTML 1.0 Transitional//EN"
    "http://www.w3.org/TR/xhtml1/DTD/xhtml1-transitional.dtd">
<html xmlns="http://www.w3.org/1999/xhtml" xml:lang="en" lang="en">
 <head>
  <title>
</title>
<meta http-equiv="Content-Type" content="text/html;charset=utf-8" />
  <meta name='ocr-system' content='tesseract 3.04.00' />
  <meta name='ocr-capabilities' content='ocr_page ocr_carea ocr_par ocr_line ocrx_word'/>
</head>
<body>
  <div class='ocr_page' id='page_1' title='image "./scaecilicyprian00krabgoog_0130.png"; bbox 0 0 2874 4806; ppageno 0'>
   <div class='ocr_carea' id='block_1_1' title="bbox 549 441 612 506">
    <p class='ocr_par' dir='ltr' id='par_1_1' title="bbox 549 441 612 506">
     <span class='ocr_line' id='line_1_1' title="bbox 549 441 612 506; baseline 0.016 -1"><span class='ocrx_word' id='word_1_1' title='bbox 549 441 612 506; x_wconf 77' lang='lat'><strong><em>109</em></strong></span> 
     </span>
    </p>
   </div>
   <div class='ocr_carea' id='block_1_2' title="bbox 51 597 1135 1706">
    <p class='ocr_par' dir='ltr' id='par_1_2' title="bbox 51 597 1135 1706">
     <span class='ocr_line' id='line_1_2' title="bbox 78 597 1085 682; baseline 0.007 -24"><span class='ocrx_word' id='word_1_2' title='bbox 78 597 156 660; x_wconf 87' lang='lat' dir='ltr'><strong><em>deum</em></strong></span> <span class='ocrx_word' id='word_1_3' title='bbox 178 597 299 676; x_wconf 90' lang='lat' dir='ltr'><strong><em>nititur,</em></strong></span> <span class='ocrx_word' id='word_1_4' title='bbox 330 597 360 662; x_wconf 89' lang='lat' dir='ltr'><strong><em>iu</em></strong></span> <span class='ocrx_word' id='word_1_5' title='bbox 384 615 474 662; x_wconf 84' lang='lat' dir='ltr'><strong><em>succo</em></strong></span> <span class='ocrx_word' id='word_1_6' title='bbox 498 605 528 662; x_wconf 84' lang='lat' dir='ltr'><strong><em>et</em></strong></span> <span class='ocrx_word' id='word_1_7' title='bbox 548 599 579 662; x_wconf 86' lang='lat' dir='ltr'><strong><em>in</em></strong></span> <span class='ocrx_word' id='word_1_8' title='bbox 602 600 704 663; x_wconf 86' lang='lat' dir='ltr'><strong><em>cinere</em></strong></span> <span class='ocrx_word' id='word_1_9' title='bbox 734 599 896 682; x_wconf 81' lang='lat' dir='ltr'><strong><em>volutatur,</em></strong></span> <span class='ocrx_word' id='word_1_10' title='bbox 926 603 1085 667; x_wconf 86' lang='lat' dir='ltr'><strong><em>exomolo-</em></strong></span> 
     </span>
     <span class='ocr_line' id='line_1_3' title="bbox 77 709 1099 794; baseline 0.005 -20"><span class='ocrx_word' id='word_1_11' title='bbox 77 713 165 794; x_wconf 86' lang='lat' dir='ltr'><strong><em>gesim</em></strong></span> <span class='ocrx_word' id='word_1_12' title='bbox 200 710 315 774; x_wconf 82' lang='lat' dir='ltr'><strong><em>iaciens</em></strong></span> <span class='ocrx_word' id='word_1_13' title='bbox 349 711 485 778; x_wconf 79' lang='lat' dir='ltr'>dolenter</span> <span class='ocrx_word' id='word_1_14' title='bbox 522 720 552 776; x_wconf 86' lang='lat' dir='ltr'><strong><em>ct</em></strong></span> <span class='ocrx_word' id='word_1_15' title='bbox 589 712 692 777; x_wconf 86' lang='lat' dir='ltr'><strong><em>dicens</em></strong></span> <span class='ocrx_word' id='word_1_16' title='bbox 710 709 757 790; x_wconf 83' lang='lat'><strong><em>⁶):</em></strong></span> <span class='ocrx_word' id='word_1_17' title='bbox 792 714 925 778; x_wconf 76' lang='lat' dir='ltr'><strong><em>Domine</em></strong></span> <span class='ocrx_word' id='word_1_18' title='bbox 946 710 971 794; x_wconf 84' lang='lat'><strong><em>⁷)</em></strong></span> <span class='ocrx_word' id='word_1_19' title='bbox 1011 718 1099 779; x_wconf 89' lang='lat' dir='ltr'><strong><em>decs·</em></strong></span> 
     </span>
     <span class='ocr_line' id='line_1_4' title="bbox 76 826 1089 908; baseline 0.004 -20"><span class='ocrx_word' id='word_1_20' title='bbox 76 846 197 907; x_wconf 75' lang='lat' dir='ltr'><strong><em>mcpmcs</em></strong></span> <span class='ocrx_word' id='word_1_21' title='bbox 222 834 254 889; x_wconf 83' lang='lat' dir='ltr'><strong><em>et</em></strong></span> <span class='ocrx_word' id='word_1_22' title='bbox 273 826 369 905; x_wconf 79' lang='lat' dir='ltr'><strong><em>sortis</em></strong></span> <span class='ocrx_word' id='word_1_23' title='bbox 392 836 421 890; x_wconf 86' lang='lat' dir='ltr'><strong><em>et</em></strong></span> <span class='ocrx_word' id='word_1_24' title='bbox 441 828 638 906; x_wconf 79' lang='lat' dir='ltr'><strong><em>metuendos,</em></strong></span> <span class='ocrx_word' id='word_1_25' title='bbox 669 827 723 908; x_wconf 82' lang='lat' dir='ltr'><strong><em>qui</em></strong></span> <span class='ocrx_word' id='word_1_26' title='bbox 745 848 854 892; x_wconf 81' lang='lat' dir='ltr'><strong><em>seruos</em></strong></span> <span class='ocrx_word' id='word_1_27' title='bbox 869 838 1089 894; x_wconf 79' lang='lat' dir='ltr'><strong><em>testamentum</em></strong></span> 
     </span>
     <span class='ocr_line' id='line_1_5' title="bbox 77 942 1088 1023; baseline 0.004 -21"><span class='ocrx_word' id='word_1_28' title='bbox 77 949 103 1002; x_wconf 87' lang='lat' dir='ltr'><strong><em>et</em></strong></span> <span class='ocrx_word' id='word_1_29' title='bbox 125 942 360 1004; x_wconf 77' lang='lat' dir='ltr'><strong><em>miserationem</em></strong></span> <span class='ocrx_word' id='word_1_30' title='bbox 385 943 453 1017; x_wconf 82' lang='lat' dir='ltr'><strong><em>eis,</em></strong></span> <span class='ocrx_word' id='word_1_31' title='bbox 485 943 539 1023; x_wconf 83' lang='lat' dir='ltr'><strong><em>qci</em></strong></span> <span class='ocrx_word' id='word_1_32' title='bbox 570 952 599 1004; x_wconf 90' lang='lat' dir='ltr'><strong><em>te</em></strong></span> <span class='ocrx_word' id='word_1_33' title='bbox 626 943 757 1023; x_wconf 77' lang='lat' dir='ltr'><strong><em>ditipcmt</em></strong></span> <span class='ocrx_word' id='word_1_34' title='bbox 780 952 809 1006; x_wconf 92' lang='lat' dir='ltr'><strong><em>et</em></strong></span> <span class='ocrx_word' id='word_1_35' title='bbox 830 953 1014 1009; x_wconf 86' lang='lat' dir='ltr'><strong><em>comsereaot</em></strong></span> <span class='ocrx_word' id='word_1_36' title='bbox 1037 946 1088 1007; x_wconf 84' lang='lat' dir='ltr'><strong><em>io·</em></strong></span> 
     </span>
     <span class='ocr_line' id='line_1_6' title="bbox 57 1054 1088 1138; baseline 0.005 -22"><span class='ocrx_word' id='word_1_37' title='bbox 57 1056 160 1133; x_wconf 71' lang='lat' dir='ltr'><strong><em>iperio</em></strong></span> <span class='ocrx_word' id='word_1_38' title='bbox 184 1065 252 1132; x_wconf 83' lang='lat' dir='ltr'><strong><em>tua,</em></strong></span> <span class='ocrx_word' id='word_1_39' title='bbox 272 1055 481 1134; x_wconf 71' lang='lat' dir='ltr'><em>peccavimus,</em></span> <span class='ocrx_word' id='word_1_40' title='bbox 503 1054 632 1136; x_wconf 81' lang='lat' dir='ltr'><strong><em>facimus</em></strong></span> <span class='ocrx_word' id='word_1_41' title='bbox 650 1055 843 1132; x_wconf 75' lang='lat' dir='ltr'><strong><em>admisimus,</em></strong></span> <span class='ocrx_word' id='word_1_42' title='bbox 867 1057 948 1135; x_wconf 86' lang='lat' dir='ltr'><strong><em>impii</em></strong></span> <span class='ocrx_word' id='word_1_43' title='bbox 960 1056 1088 1138; x_wconf 79' lang='lat' dir='ltr'><strong><em>scimus,</em></strong></span> 
     </span>
     <span class='ocr_line' id='line_1_7' title="bbox 77 1170 1088 1253; baseline 0.004 -22"><span class='ocrx_word' id='word_1_44' title='bbox 77 1171 264 1253; x_wconf 72' lang='lat' dir='ltr'><strong><em>compressi</em></strong></span> <span class='ocrx_word' id='word_1_45' title='bbox 294 1190 399 1234; x_wconf 83' lang='lat' dir='ltr'><strong><em>scmus</em></strong></span> <span class='ocrx_word' id='word_1_46' title='bbox 429 1189 467 1234; x_wconf 87' lang='lat' dir='ltr'><strong><em>cc</em></strong></span> <span class='ocrx_word' id='word_1_47' title='bbox 496 1170 691 1232; x_wconf 81' lang='lat' dir='ltr'><strong><em>deseruimus</em></strong></span> <span class='ocrx_word' id='word_1_48' title='bbox 716 1179 888 1251; x_wconf 84' lang='lat' dir='ltr'><strong><em>praecepto</em></strong></span> <span class='ocrx_word' id='word_1_49' title='bbox 910 1178 963 1234; x_wconf 84' lang='lat' dir='ltr'><strong><em>too</em></strong></span> <span class='ocrx_word' id='word_1_50' title='bbox 985 1180 1015 1234; x_wconf 90' lang='lat' dir='ltr'><strong><em>et</em></strong></span> <span class='ocrx_word' id='word_1_51' title='bbox 1037 1173 1088 1236; x_wconf 87' lang='lat' dir='ltr'><strong><em>ic-</em></strong></span> 
     </span>
     <span class='ocr_line' id='line_1_8' title="bbox 78 1284 1119 1367; baseline 0.006 -21"><span class='ocrx_word' id='word_1_52' title='bbox 78 1285 154 1348; x_wconf 88' lang='lat' dir='ltr'><strong><em>dicic</em></strong></span> <span class='ocrx_word' id='word_1_53' title='bbox 176 1293 253 1363; x_wconf 85' lang='lat' dir='ltr'><strong><em>tcc‚·</em></strong></span> <span class='ocrx_word' id='word_1_54' title='bbox 276 1303 339 1347; x_wconf 83' lang='lat' dir='ltr'><strong><em>occ</em></strong></span> <span class='ocrx_word' id='word_1_55' title='bbox 362 1284 541 1347; x_wconf 81' lang='lat' dir='ltr'><strong><em>dedicimus</em></strong></span> <span class='ocrx_word' id='word_1_56' title='bbox 563 1284 659 1348; x_wconf 87' lang='lat' dir='ltr'><strong><em>oerbo</em></strong></span> <span class='ocrx_word' id='word_1_57' title='bbox 677 1304 847 1364; x_wconf 75' lang='lat' dir='ltr'><strong><em>puerorum</em></strong></span> <span class='ocrx_word' id='word_1_58' title='bbox 870 1295 991 1350; x_wconf 76' lang='lat' dir='ltr'><strong><em>tuocum</em></strong></span> <span class='ocrx_word' id='word_1_59' title='bbox 1010 1307 1089 1367; x_wconf 83' lang='lat' dir='ltr'><strong><em>pro·</em></strong></span> <span class='ocrx_word' id='word_1_60' title='bbox 1117 1287 1119 1298; x_wconf 61' lang='lat'><strong><em>⁴</em></strong></span> 
     </span>
     <span class='ocr_line' id='line_1_9' title="bbox 75 1379 1135 1483; baseline 0.008 -24"><span class='ocrx_word' id='word_1_61' title='bbox 75 1399 251 1476; x_wconf 76' lang='lat' dir='ltr'><strong><em>pistorem,</em></strong></span> <span class='ocrx_word' id='word_1_62' title='bbox 283 1417 364 1478; x_wconf 84' lang='lat' dir='ltr'><strong><em>qcoe</em></strong></span> <span class='ocrx_word' id='word_1_63' title='bbox 393 1395 489 1462; x_wconf 78' lang='lat' dir='ltr'><strong><em>locuti</em></strong></span> <span class='ocrx_word' id='word_1_64' title='bbox 511 1406 585 1462; x_wconf 80' lang='lat' dir='ltr'><strong><em>sumt</em></strong></span> <span class='ocrx_word' id='word_1_65' title='bbox 604 1379 782 1463; x_wconf 78' lang='lat' dir='ltr'><strong><em>imeeomioe</em></strong></span> <span class='ocrx_word' id='word_1_66' title='bbox 808 1407 861 1463; x_wconf 87' lang='lat' dir='ltr'><strong><em>tco</em></strong></span> <span class='ocrx_word' id='word_1_67' title='bbox 883 1420 979 1480; x_wconf 80' lang='lat' dir='ltr'><strong><em>smper</em></strong></span> <span class='ocrx_word' id='word_1_68' title='bbox 1000 1421 1090 1483; x_wconf 80' lang='lat' dir='ltr'><strong><em>repes</em></strong></span> <span class='ocrx_word' id='word_1_69' title='bbox 1130 1461 1135 1468; x_wconf 88' lang='lat'><strong><em>.</em></strong></span> 
     </span>
     <span class='ocr_line' id='line_1_10' title="bbox 78 1497 1088 1591; baseline 0.002 -20"><span class='ocrx_word' id='word_1_70' title='bbox 78 1520 196 1576; x_wconf 83' lang='lat' dir='ltr'><strong><em>costros</em></strong></span> <span class='ocrx_word' id='word_1_71' title='bbox 219 1519 252 1574; x_wconf 86' lang='lat' dir='ltr'><strong><em>et</em></strong></span> <span class='ocrx_word' id='word_1_72' title='bbox 274 1530 378 1573; x_wconf 82' lang='lat' dir='ltr'><strong><em>ommes</em></strong></span> <span class='ocrx_word' id='word_1_73' title='bbox 399 1518 506 1590; x_wconf 81' lang='lat' dir='ltr'><strong><em>pectes</em></strong></span> <span class='ocrx_word' id='word_1_74' title='bbox 528 1517 558 1571; x_wconf 88' lang='lat' dir='ltr'><strong><em>et</em></strong></span> <span class='ocrx_word' id='word_1_75' title='bbox 579 1529 674 1589; x_wconf 82' lang='lat' dir='ltr'><strong><em>smper</em></strong></span> <span class='ocrx_word' id='word_1_76' title='bbox 697 1529 814 1573; x_wconf 81' lang='lat' dir='ltr'><strong><em>omnem</em></strong></span> <span class='ocrx_word' id='word_1_77' title='bbox 839 1520 963 1574; x_wconf 83' lang='lat' dir='ltr'><strong><em>terram.</em></strong></span> <span class='ocrx_word' id='word_1_78' title='bbox 1009 1497 1088 1591; x_wconf 82' lang='lat' dir='ltr'><strong><em>Tibi,</em></strong></span> 
     </span>
     <span class='ocr_line' id='line_1_11' title="bbox 51 1616 1088 1706; baseline 0.004 -20"><span class='ocrx_word' id='word_1_79' title='bbox 51 1625 210 1703; x_wconf 71' lang='lat' dir='ltr'><strong><em>odontitis,</em></strong></span> <span class='ocrx_word' id='word_1_80' title='bbox 243 1623 366 1687; x_wconf 79' lang='lat' dir='ltr'><strong><em>iustitia</em></strong></span> <span class='ocrx_word' id='word_1_81' title='bbox 381 1616 427 1700; x_wconf 84' lang='lat'><strong><em>⁸),</em></strong></span> <span class='ocrx_word' id='word_1_82' title='bbox 454 1621 544 1686; x_wconf 86' lang='lat' dir='ltr'><strong><em>mobis</em></strong></span> <span class='ocrx_word' id='word_1_83' title='bbox 566 1632 668 1684; x_wconf 83' lang='lat' dir='ltr'><strong><em>actem</em></strong></span> <span class='ocrx_word' id='word_1_84' title='bbox 690 1624 844 1704; x_wconf 78' lang='lat' dir='ltr'><strong><em>confusio.</em></strong></span> <span class='ocrx_word' id='word_1_85' title='bbox 890 1624 971 1689; x_wconf 82' lang='lat' dir='ltr'><strong><em>Haec</em></strong></span> <span class='ocrx_word' id='word_1_86' title='bbox 992 1627 1088 1706; x_wconf 86' lang='lat' dir='ltr'><strong><em>mites,</em></strong></span> 
     </span>
    </p>
   </div>
   <div class='ocr_carea' id='block_1_3' title="bbox 79 1852 1088 1930">
    <p class='ocr_par' dir='ltr' id='par_1_3' title="bbox 79 1852 1088 1930">
     <span class='ocr_line' id='line_1_12' title="bbox 79 1852 1088 1930; baseline -0.005 -21"><span class='ocrx_word' id='word_1_87' title='bbox 79 1873 106 1909; x_wconf 91' lang='lat' dir='ltr'><strong><em>rr.</em></strong></span> <span class='ocrx_word' id='word_1_88' title='bbox 128 1861 266 1929; x_wconf 77' lang='lat' dir='ltr'><strong><em>repetitam</em></strong></span> <span class='ocrx_word' id='word_1_89' title='bbox 291 1854 346 1921; x_wconf 77' lang='lat' dir='ltr'><strong><em>tte,</em></strong></span> <span class='ocrx_word' id='word_1_90' title='bbox 369 1855 479 1924; x_wconf 80' lang='lat' dir='ltr'><strong><em>repetito</em></strong></span> <span class='ocrx_word' id='word_1_91' title='bbox 504 1852 554 1922; x_wconf 89' lang='lat' dir='ltr'><strong><em>(pr.</em></strong></span> <span class='ocrx_word' id='word_1_92' title='bbox 578 1857 728 1924; x_wconf 77' lang='lat' dir='ltr'><strong><em>mpetitcm)</em></strong></span> <span class='ocrx_word' id='word_1_93' title='bbox 747 1855 798 1908; x_wconf 81' lang='lat' dir='ltr'><strong><em>tto.</em></strong></span> <span class='ocrx_word' id='word_1_94' title='bbox 835 1855 893 1910; x_wconf 82' lang='lat' dir='ltr'><strong><em>Mox</em></strong></span> <span class='ocrx_word' id='word_1_95' title='bbox 918 1861 995 1913; x_wconf 64' lang='lat' dir='ltr'><strong><em>Mum</em></strong></span> <span class='ocrx_word' id='word_1_96' title='bbox 1020 1879 1088 1930; x_wconf 82' lang='lat' dir='ltr'><strong><em>pro.</em></strong></span> 
     </span>
    </p>
   </div>
   <div class='ocr_carea' id='block_1_4' title="bbox 79 1940 1131 4103">
    <p class='ocr_par' dir='ltr' id='par_1_4' title="bbox 79 1940 1131 4103">
     <span class='ocr_line' id='line_1_13' title="bbox 79 1940 1087 2012; baseline 0.005 -16"><span class='ocrx_word' id='word_1_97' title='bbox 79 1949 166 1998; x_wconf 77' lang='lat' dir='ltr'><strong><em>mermi</em></strong></span> <span class='ocrx_word' id='word_1_98' title='bbox 189 1943 248 2010; x_wconf 84' lang='lat' dir='ltr'><strong><em>bid,</em></strong></span> <span class='ocrx_word' id='word_1_99' title='bbox 274 1943 421 2012; x_wconf 79' lang='lat' dir='ltr'><strong><em>promereri</em></strong></span> <span class='ocrx_word' id='word_1_100' title='bbox 446 1942 581 1994; x_wconf 75' lang='lat' dir='ltr'><strong><em>domimum</em></strong></span> <span class='ocrx_word' id='word_1_101' title='bbox 604 1943 635 1994; x_wconf 85' lang='grc' dir='ltr'><strong><em>Α.</em></strong></span> <span class='ocrx_word' id='word_1_102' title='bbox 680 1940 782 1995; x_wconf 85' lang='lat' dir='ltr'><strong><em>Deinde</em></strong></span> <span class='ocrx_word' id='word_1_103' title='bbox 807 1960 840 1998; x_wconf 87' lang='lat' dir='ltr'><strong><em>cc</em></strong></span> <span class='ocrx_word' id='word_1_104' title='bbox 865 1948 954 2000; x_wconf 83' lang='lat' dir='ltr'><strong><em>otmre</em></strong></span> <span class='ocrx_word' id='word_1_105' title='bbox 971 1944 1012 1998; x_wconf 88' lang='lat' dir='ltr'><strong><em>W.</em></strong></span> <span class='ocrx_word' id='word_1_106' title='bbox 1040 1948 1087 2001; x_wconf 80' lang='lat' dir='ltr'><strong><em>bis.</em></strong></span> 
     </span>
     <span class='ocr_line' id='line_1_14' title="bbox 79 2027 1087 2104; baseline 0.007 -24"><span class='ocrx_word' id='word_1_107' title='bbox 79 2027 133 2096; x_wconf 80' lang='lat' dir='ltr'><strong><em>bob,</em></strong></span> <span class='ocrx_word' id='word_1_108' title='bbox 151 2041 175 2087; x_wconf 82' lang='lat' dir='ltr'><strong><em>et</em></strong></span> <span class='ocrx_word' id='word_1_109' title='bbox 192 2035 283 2086; x_wconf 81' lang='lat' dir='ltr'><strong><em>cinere</em></strong></span> <span class='ocrx_word' id='word_1_110' title='bbox 301 2028 384 2093; x_wconf 84' lang='lat' dir='ltr'><strong><em>Mbcd,</em></strong></span> <span class='ocrx_word' id='word_1_111' title='bbox 403 2037 427 2080; x_wconf 85' lang='lat' dir='ltr'><strong><em>et</em></strong></span> <span class='ocrx_word' id='word_1_112' title='bbox 444 2031 535 2081; x_wconf 83' lang='lat' dir='ltr'><strong><em>sinere</em></strong></span> <span class='ocrx_word' id='word_1_113' title='bbox 554 2029 614 2094; x_wconf 84' lang='lat' dir='ltr'><strong><em>(sic)</em></strong></span> <span class='ocrx_word' id='word_1_114' title='bbox 628 2029 660 2094; x_wconf 76' lang='lat' dir='ltr'><strong><em>A,</em></strong></span> <span class='ocrx_word' id='word_1_115' title='bbox 679 2033 708 2082; x_wconf 84' lang='lat' dir='ltr'><strong><em>im</em></strong></span> <span class='ocrx_word' id='word_1_116' title='bbox 726 2033 814 2085; x_wconf 77' lang='lat' dir='ltr'><strong><em>cilicio</em></strong></span> <span class='ocrx_word' id='word_1_117' title='bbox 833 2040 858 2086; x_wconf 87' lang='lat' dir='ltr'><strong><em>et</em></strong></span> <span class='ocrx_word' id='word_1_118' title='bbox 875 2050 953 2087; x_wconf 86' lang='lat' dir='ltr'><strong><em>sccco</em></strong></span> <span class='ocrx_word' id='word_1_119' title='bbox 972 2037 1087 2104; x_wconf 83' lang='lat' dir='ltr'><strong><em>quinquo</em></strong></span> 
     </span>
     <span class='ocr_line' id='line_1_15' title="bbox 80 2115 1088 2190; baseline 0.006 -22"><span class='ocrx_word' id='word_1_120' title='bbox 80 2117 127 2171; x_wconf 82' lang='lat' dir='ltr'><strong><em>libri</em></strong></span> <span class='ocrx_word' id='word_1_121' title='bbox 143 2128 203 2172; x_wconf 87' lang='lat' dir='ltr'><strong><em>vett.</em></strong></span> <span class='ocrx_word' id='word_1_122' title='bbox 223 2135 265 2188; x_wconf 84' lang='lat' dir='ltr'><strong><em>ep.</em></strong></span> <span class='ocrx_word' id='word_1_123' title='bbox 279 2115 374 2182; x_wconf 74' lang='lat' dir='ltr'><strong><em>Belum,</em></strong></span> <span class='ocrx_word' id='word_1_124' title='bbox 392 2119 422 2170; x_wconf 79' lang='lat' dir='ltr'><strong><em>io</em></strong></span> <span class='ocrx_word' id='word_1_125' title='bbox 440 2119 537 2184; x_wconf 82' lang='lat' dir='ltr'><strong><em>cistere,</em></strong></span> <span class='ocrx_word' id='word_1_126' title='bbox 557 2120 586 2169; x_wconf 79' lang='lat' dir='ltr'><strong><em>im</em></strong></span> <span class='ocrx_word' id='word_1_127' title='bbox 604 2120 691 2180; x_wconf 85' lang='lat' dir='ltr'><strong><em>cilicio</em></strong></span> <span class='ocrx_word' id='word_1_128' title='bbox 710 2117 827 2187; x_wconf 74' lang='lat' dir='ltr'><strong><em>Segnior.</em></strong></span> <span class='ocrx_word' id='word_1_129' title='bbox 845 2119 906 2172; x_wconf 87' lang='lat' dir='ltr'><strong><em>ibid.</em></strong></span> <span class='ocrx_word' id='word_1_130' title='bbox 938 2118 1011 2173; x_wconf 78' lang='lat' dir='ltr'><strong><em>Cous.</em></strong></span> <span class='ocrx_word' id='word_1_131' title='bbox 1026 2120 1088 2190; x_wconf 80' lang='lat' dir='ltr'><strong><em>Cap.</em></strong></span> 
     </span>
     <span class='ocr_line' id='line_1_16' title="bbox 79 2203 1131 2277; baseline 0.006 -21"><span class='ocrx_word' id='word_1_132' title='bbox 79 2203 174 2260; x_wconf 74' lang='lat' dir='ltr'><strong><em>totvm.</em></strong></span> <span class='ocrx_word' id='word_1_133' title='bbox 192 2224 218 2275; x_wconf 87' lang='lat' dir='ltr'><strong><em>p.</em></strong></span> <span class='ocrx_word' id='word_1_134' title='bbox 239 2205 299 2258; x_wconf 84' lang='lat'><strong><em>192.</em></strong></span> <span class='ocrx_word' id='word_1_135' title='bbox 336 2204 425 2257; x_wconf 78' lang='lat' dir='ltr'><strong><em>Statim</em></strong></span> <span class='ocrx_word' id='word_1_136' title='bbox 443 2211 502 2272; x_wconf 84' lang='lat' dir='ltr'><strong><em>poet</em></strong></span> <span class='ocrx_word' id='word_1_137' title='bbox 527 2208 732 2276; x_wconf 64' lang='lat' dir='ltr'><strong><em>exomologesim</em></strong></span> <span class='ocrx_word' id='word_1_138' title='bbox 750 2205 790 2272; x_wconf 84' lang='grc' dir='ltr'><strong><em>Α,</em></strong></span> <span class='ocrx_word' id='word_1_139' title='bbox 817 2212 1033 2277; x_wconf 71' lang='lat' dir='ltr'><strong><em>wometocpesim</em></strong></span> <span class='ocrx_word' id='word_1_140' title='bbox 1058 2209 1089 2277; x_wconf 87' lang='lat' dir='ltr'><strong><em>(m</em></strong></span> <span class='ocrx_word' id='word_1_141' title='bbox 1129 2269 1131 2273; x_wconf 17' lang='lat'>⁸</span> 
     </span>
     <span class='ocr_line' id='line_1_17' title="bbox 80 2290 1089 2366; baseline 0.005 -22"><span class='ocrx_word' id='word_1_142' title='bbox 80 2293 137 2346; x_wconf 84' lang='lat' dir='ltr'><strong><em>busli</em></strong></span> <span class='ocrx_word' id='word_1_143' title='bbox 155 2311 186 2347; x_wconf 84' lang='lat' dir='ltr'><strong><em>ex</em></strong></span> <span class='ocrx_word' id='word_1_144' title='bbox 202 2315 230 2349; x_wconf 89' lang='lat' dir='ltr'><strong><em>m</em></strong></span> <span class='ocrx_word' id='word_1_145' title='bbox 248 2309 296 2363; x_wconf 84' lang='lat' dir='ltr'><strong><em>per</em></strong></span> <span class='ocrx_word' id='word_1_146' title='bbox 313 2309 363 2346; x_wconf 88' lang='lat' dir='ltr'><strong><em>res.</em></strong></span> <span class='ocrx_word' id='word_1_147' title='bbox 382 2294 470 2358; x_wconf 81' lang='lat' dir='ltr'><strong><em>sueto)</em></strong></span> <span class='ocrx_word' id='word_1_148' title='bbox 489 2290 542 2358; x_wconf 83' lang='lat' dir='ltr'><strong><em>Mc,</em></strong></span> <span class='ocrx_word' id='word_1_149' title='bbox 561 2295 781 2363; x_wconf 73' lang='lat' dir='ltr'><strong><em>mcbomoiopieim</em></strong></span> <span class='ocrx_word' id='word_1_150' title='bbox 798 2293 855 2360; x_wconf 84' lang='lat' dir='ltr'><strong><em>bib,</em></strong></span> <span class='ocrx_word' id='word_1_151' title='bbox 875 2298 1089 2366; x_wconf 71' lang='lat' dir='ltr'><strong><em>exbomctopesim</em></strong></span> 
     </span>
     <span class='ocr_line' id='line_1_18' title="bbox 79 2379 1088 2452; baseline 0.005 -20"><span class='ocrx_word' id='word_1_152' title='bbox 79 2379 114 2445; x_wconf 82' lang='lat' dir='ltr'><strong><em>W,</em></strong></span> <span class='ocrx_word' id='word_1_153' title='bbox 130 2383 188 2434; x_wconf 87' lang='lat' dir='ltr'><strong><em>item</em></strong></span> <span class='ocrx_word' id='word_1_154' title='bbox 206 2381 265 2435; x_wconf 84' lang='lat' dir='ltr'><strong><em>edd.</em></strong></span> <span class='ocrx_word' id='word_1_155' title='bbox 279 2389 351 2446; x_wconf 76' lang='lat' dir='ltr'><strong><em>vett,</em></strong></span> <span class='ocrx_word' id='word_1_156' title='bbox 369 2385 566 2452; x_wconf 75' lang='lat' dir='ltr'><strong><em>exhomolopesi</em></strong></span> <span class='ocrx_word' id='word_1_157' title='bbox 577 2381 621 2434; x_wconf 79' lang='lat' dir='ltr'><strong><em>bu.</em></strong></span> <span class='ocrx_word' id='word_1_158' title='bbox 658 2381 688 2445; x_wconf 85' lang='lat'><strong><em>6)</em></strong></span> <span class='ocrx_word' id='word_1_159' title='bbox 701 2380 792 2433; x_wconf 84' lang='lat' dir='ltr'><strong><em>Deuiel</em></strong></span> <span class='ocrx_word' id='word_1_160' title='bbox 805 2382 831 2446; x_wconf 88' lang='lat'><strong><em>9,</em></strong></span> <span class='ocrx_word' id='word_1_161' title='bbox 844 2383 860 2432; x_wconf 82' lang='grc'>4</span> <span class='ocrx_word' id='word_1_162' title='bbox 878 2399 948 2452; x_wconf 86' lang='lat' dir='ltr'><strong><em>seqq.</em></strong></span> <span class='ocrx_word' id='word_1_163' title='bbox 985 2381 1016 2448; x_wconf 77' lang='grc'><strong><em>7)·</em></strong></span> <span class='ocrx_word' id='word_1_164' title='bbox 1029 2388 1088 2439; x_wconf 82' lang='lat' dir='ltr'><strong><em>tto-</em></strong></span> 
     </span>
     <span class='ocr_line' id='line_1_19' title="bbox 79 2467 1089 2523; baseline 0.002 -3"><span class='ocrx_word' id='word_1_165' title='bbox 79 2472 138 2523; x_wconf 85' lang='lat' dir='ltr'><strong><em>rm&#39;oe</em></strong></span> <span class='ocrx_word' id='word_1_166' title='bbox 154 2469 192 2523; x_wconf 86' lang='lat' dir='ltr'><strong><em>W.</em></strong></span> <span class='ocrx_word' id='word_1_167' title='bbox 212 2469 293 2522; x_wconf 82' lang='lat' dir='ltr'><strong><em>Mecd.</em></strong></span> <span class='ocrx_word' id='word_1_168' title='bbox 312 2467 358 2521; x_wconf 81' lang='lat' dir='ltr'><strong><em>Bb.</em></strong></span> <span class='ocrx_word' id='word_1_169' title='bbox 378 2469 401 2520; x_wconf 83' lang='grc' dir='ltr'>Α</span> <span class='ocrx_word' id='word_1_170' title='bbox 418 2486 440 2521; x_wconf 89' lang='lat' dir='ltr'><strong><em>c.</em></strong></span> <span class='ocrx_word' id='word_1_171' title='bbox 460 2469 519 2521; x_wconf 88' lang='lat' dir='ltr'><strong><em>edd.</em></strong></span> <span class='ocrx_word' id='word_1_172' title='bbox 538 2467 700 2521; x_wconf 75' lang='lat' dir='ltr'><strong><em>baluzianam</em></strong></span> <span class='ocrx_word' id='word_1_173' title='bbox 724 2468 945 2522; x_wconf 74' lang='lat' dir='ltr'><strong><em>antecedentibus.</em></strong></span> <span class='ocrx_word' id='word_1_174' title='bbox 982 2468 1089 2522; x_wconf 80' lang='lat' dir='ltr'><strong><em>Gravius</em></strong></span> 
     </span>
     <span class='ocr_line' id='line_1_20' title="bbox 80 2549 1089 2630; baseline 0.003 -25"><span class='ocrx_word' id='word_1_175' title='bbox 80 2555 161 2614; x_wconf 81' lang='lat' dir='ltr'><strong><em>deiude</em></strong></span> <span class='ocrx_word' id='word_1_176' title='bbox 179 2575 273 2630; x_wconf 67' lang='lat' dir='ltr'><strong><em>moyse</em></strong></span> <span class='ocrx_word' id='word_1_177' title='bbox 292 2588 325 2596; x_wconf 96' lang='lat'><em>-</em></span> <span class='ocrx_word' id='word_1_178' title='bbox 343 2561 485 2623; x_wconf 67' lang='lat' dir='ltr'><strong><em>metiteodm</em></strong></span> <span class='ocrx_word' id='word_1_179' title='bbox 503 2557 536 2607; x_wconf 89' lang='lat' dir='ltr'>W</span> <span class='ocrx_word' id='word_1_180' title='bbox 553 2549 678 2628; x_wconf 69' lang='lat' dir='ltr'><strong><em>fcrtis&#39;et</em></strong></span> <span class='ocrx_word' id='word_1_181' title='bbox 695 2573 807 2628; x_wconf 75' lang='lat' dir='ltr'><strong><em>mopsus</em></strong></span> <span class='ocrx_word' id='word_1_182' title='bbox 826 2562 1033 2623; x_wconf 75' lang='lat' dir='ltr'><strong><em>simmetrius,</em></strong></span> <span class='ocrx_word' id='word_1_183' title='bbox 1052 2556 1089 2609; x_wconf 80' lang='lat' dir='ltr'><strong><em>Bu</em></strong></span> 
     </span>
     <span class='ocr_line' id='line_1_21' title="bbox 80 2644 1090 2720; baseline -0.002 -22"><span class='ocrx_word' id='word_1_184' title='bbox 80 2649 150 2712; x_wconf 75' lang='lat' dir='ltr'><strong><em>fortis</em></strong></span> <span class='ocrx_word' id='word_1_185' title='bbox 172 2659 196 2703; x_wconf 87' lang='lat' dir='ltr'><strong><em>et</em></strong></span> <span class='ocrx_word' id='word_1_186' title='bbox 218 2658 314 2720; x_wconf 80' lang='lat' dir='ltr'><strong><em>potesis</em></strong></span> <span class='ocrx_word' id='word_1_187' title='bbox 341 2657 365 2701; x_wconf 86' lang='lat' dir='ltr'><strong><em>et</em></strong></span> <span class='ocrx_word' id='word_1_188' title='bbox 388 2649 560 2711; x_wconf 80' lang='lat' dir='ltr'><strong><em>metuendos,</em></strong></span> <span class='ocrx_word' id='word_1_189' title='bbox 584 2644 644 2698; x_wconf 84' lang='lat' dir='ltr'><strong><em>Ver.</em></strong></span> <span class='ocrx_word' id='word_1_190' title='bbox 669 2661 719 2697; x_wconf 87' lang='lat' dir='ltr'><strong><em>om.</em></strong></span> <span class='ocrx_word' id='word_1_191' title='bbox 737 2656 762 2700; x_wconf 89' lang='lat' dir='ltr'><strong><em>et</em></strong></span> <span class='ocrx_word' id='word_1_192' title='bbox 786 2649 948 2701; x_wconf 79' lang='lat' dir='ltr'><strong><em>metuendos.</em></strong></span> <span class='ocrx_word' id='word_1_193' title='bbox 985 2645 1090 2714; x_wconf 79' lang='lat' dir='ltr'><strong><em>Legitur</em></strong></span> 
     </span>
     <span class='ocr_line' id='line_1_22' title="bbox 81 2730 1089 2806; baseline 0.005 -26"><span class='ocrx_word' id='word_1_194' title='bbox 81 2747 114 2798; x_wconf 82' lang='lat' dir='ltr'><strong><em>ep.</em></strong></span> <span class='ocrx_word' id='word_1_195' title='bbox 130 2735 213 2787; x_wconf 62' lang='lat' dir='ltr'>LXX:</span> <span class='ocrx_word' id='word_1_196' title='bbox 235 2731 309 2800; x_wconf 75' lang='grc' dir='ltr'><strong><em>Κύριε</em></strong></span> <span class='ocrx_word' id='word_1_197' title='bbox 326 2731 341 2783; x_wconf 85' lang='lat' dir='ltr'><strong><em>o‘</em></strong></span> <span class='ocrx_word' id='word_1_198' title='bbox 359 2731 414 2790; x_wconf 77' lang='grc' dir='ltr'><strong><em>θεὸς</em></strong></span> <span class='ocrx_word' id='word_1_199' title='bbox 431 2730 446 2782; x_wconf 78' lang='grc' dir='ltr'><em>ὅ</em></span> <span class='ocrx_word' id='word_1_200' title='bbox 462 2736 536 2800; x_wconf 75' lang='grc' dir='ltr'><em>μέγας</em></span> <span class='ocrx_word' id='word_1_201' title='bbox 554 2736 593 2782; x_wconf 80' lang='grc' dir='ltr'><strong><em>καὶ</em></strong></span> <span class='ocrx_word' id='word_1_202' title='bbox 612 2730 743 2796; x_wconf 76' lang='grc' dir='ltr'><em>θαυμαςός.</em></span> <span class='ocrx_word' id='word_1_203' title='bbox 787 2733 848 2784; x_wconf 88' lang='lat' dir='ltr'><strong><em>Tum</em></strong></span> <span class='ocrx_word' id='word_1_204' title='bbox 867 2749 914 2801; x_wconf 82' lang='lat' dir='ltr'><strong><em>pro</em></strong></span> <span class='ocrx_word' id='word_1_205' title='bbox 932 2737 1029 2789; x_wconf 74' lang='lat' dir='ltr'><strong><em>serdus</em></strong></span> <span class='ocrx_word' id='word_1_206' title='bbox 1047 2731 1089 2806; x_wconf 73' lang='lat' dir='ltr'><strong><em>Md</em></strong></span> 
     </span>
     <span class='ocr_line' id='line_1_23' title="bbox 82 2819 1087 2890; baseline 0.003 -22"><span class='ocrx_word' id='word_1_207' title='bbox 82 2827 103 2870; x_wconf 88' lang='lat' dir='ltr'><strong><em>et</em></strong></span> <span class='ocrx_word' id='word_1_208' title='bbox 117 2829 164 2875; x_wconf 83' lang='lat' dir='ltr'><strong><em>tres</em></strong></span> <span class='ocrx_word' id='word_1_209' title='bbox 182 2825 259 2876; x_wconf 87' lang='lat' dir='ltr'><strong><em>codd.</em></strong></span> <span class='ocrx_word' id='word_1_210' title='bbox 278 2819 514 2874; x_wconf 81' lang='lat' dir='ltr'><strong><em>leuzisuibubeut</em></strong></span> <span class='ocrx_word' id='word_1_211' title='bbox 525 2825 656 2890; x_wconf 79' lang='lat' dir='ltr'><strong><em>disponis,</em></strong></span> <span class='ocrx_word' id='word_1_212' title='bbox 677 2821 734 2873; x_wconf 88' lang='lat' dir='ltr'><strong><em>edd.</em></strong></span> <span class='ocrx_word' id='word_1_213' title='bbox 747 2829 820 2885; x_wconf 80' lang='lat' dir='ltr'><strong><em>vett,</em></strong></span> <span class='ocrx_word' id='word_1_214' title='bbox 840 2829 868 2872; x_wconf 88' lang='lat' dir='ltr'><strong><em>ut</em></strong></span> <span class='ocrx_word' id='word_1_215' title='bbox 880 2828 1000 2890; x_wconf 81' lang='lat' dir='ltr'><strong><em>quattuor</em></strong></span> <span class='ocrx_word' id='word_1_216' title='bbox 1013 2819 1087 2872; x_wconf 89' lang='lat' dir='ltr'><strong><em>codd.</em></strong></span> 
     </span>
     <span class='ocr_line' id='line_1_24' title="bbox 81 2909 1090 2978; baseline -0.001 -21"><span class='ocrx_word' id='word_1_217' title='bbox 81 2911 165 2978; x_wconf 78' lang='lat' dir='ltr'><strong><em>antiqui</em></strong></span> <span class='ocrx_word' id='word_1_218' title='bbox 188 2910 327 2963; x_wconf 82' lang='lat' dir='ltr'><strong><em>oBolusio</em></strong></span> <span class='ocrx_word' id='word_1_219' title='bbox 351 2909 465 2972; x_wconf 82' lang='lat' dir='ltr'><strong><em>excussi,</em></strong></span> <span class='ocrx_word' id='word_1_220' title='bbox 490 2925 587 2962; x_wconf 82' lang='lat' dir='ltr'><strong><em>serves</em></strong></span> <span class='ocrx_word' id='word_1_221' title='bbox 609 2911 653 2963; x_wconf 88' lang='lat' dir='ltr'><strong><em>oei</em></strong></span> <span class='ocrx_word' id='word_1_222' title='bbox 676 2911 799 2978; x_wconf 76' lang='lat' dir='ltr'><strong><em>disponis</em></strong></span> <span class='ocrx_word' id='word_1_223' title='bbox 825 2909 888 2971; x_wconf 86' lang='lat' dir='ltr'><strong><em>(nou</em></strong></span> <span class='ocrx_word' id='word_1_224' title='bbox 908 2917 931 2962; x_wconf 87' lang='lat' dir='ltr'><strong><em>et</em></strong></span> <span class='ocrx_word' id='word_1_225' title='bbox 951 2911 1036 2975; x_wconf 74' lang='lat' dir='ltr'><strong><em>dispo,</em></strong></span> <span class='ocrx_word' id='word_1_226' title='bbox 1063 2913 1090 2957; x_wconf 91' lang='lat' dir='ltr'><strong><em>ut</em></strong></span> 
     </span>
     <span class='ocr_line' id='line_1_25' title="bbox 82 2993 1088 3068; baseline 0 -23"><span class='ocrx_word' id='word_1_227' title='bbox 82 2996 136 3049; x_wconf 85' lang='lat' dir='ltr'><strong><em>uste</em></strong></span> <span class='ocrx_word' id='word_1_228' title='bbox 162 3001 264 3068; x_wconf 76' lang='lat' dir='ltr'><strong><em>scripsit</em></strong></span> <span class='ocrx_word' id='word_1_229' title='bbox 289 2997 397 3060; x_wconf 72' lang='lat' dir='ltr'><strong><em>bolum).</em></strong></span> <span class='ocrx_word' id='word_1_230' title='bbox 441 2995 501 3047; x_wconf 80' lang='lat' dir='ltr'><strong><em>Post</em></strong></span> <span class='ocrx_word' id='word_1_231' title='bbox 523 3011 581 3064; x_wconf 78' lang='lat' dir='ltr'><strong><em>seq.</em></strong></span> <span class='ocrx_word' id='word_1_232' title='bbox 608 3011 667 3047; x_wconf 83' lang='lat' dir='ltr'><strong><em>voc.</em></strong></span> <span class='ocrx_word' id='word_1_233' title='bbox 695 3005 877 3051; x_wconf 80' lang='lat' dir='ltr'><strong><em>testamentum</em></strong></span> <span class='ocrx_word' id='word_1_234' title='bbox 904 2993 1088 3062; x_wconf 81' lang='lat' dir='ltr'><strong><em>praeeuntibus</em></strong></span> 
     </span>
     <span class='ocr_line' id='line_1_26' title="bbox 83 3079 1089 3150; baseline -0.002 -19"><span class='ocrx_word' id='word_1_235' title='bbox 83 3079 141 3136; x_wconf 83' lang='lat' dir='ltr'><strong><em>libris</em></strong></span> <span class='ocrx_word' id='word_1_236' title='bbox 153 3087 192 3138; x_wconf 88' lang='lat' dir='ltr'><strong><em>W.</em></strong></span> <span class='ocrx_word' id='word_1_237' title='bbox 210 3086 311 3139; x_wconf 84' lang='lat' dir='ltr'><strong><em>biebcd.</em></strong></span> <span class='ocrx_word' id='word_1_238' title='bbox 330 3083 392 3136; x_wconf 81' lang='lat' dir='ltr'><strong><em>Bab.</em></strong></span> <span class='ocrx_word' id='word_1_239' title='bbox 404 3080 433 3136; x_wconf 75' lang='lat' dir='ltr'><strong><em>A.</em></strong></span> <span class='ocrx_word' id='word_1_240' title='bbox 453 3083 626 3148; x_wconf 72' lang='lat' dir='ltr'><strong><em>omicidium,</em></strong></span> <span class='ocrx_word' id='word_1_241' title='bbox 647 3080 714 3150; x_wconf 86' lang='lat' dir='ltr'><strong><em>quod</em></strong></span> <span class='ocrx_word' id='word_1_242' title='bbox 733 3083 827 3148; x_wconf 87' lang='lat' dir='ltr'><strong><em>primus</em></strong></span> <span class='ocrx_word' id='word_1_243' title='bbox 846 3097 878 3134; x_wconf 85' lang='lat' dir='ltr'><strong><em>ex</em></strong></span> <span class='ocrx_word' id='word_1_244' title='bbox 894 3079 994 3132; x_wconf 82' lang='lat' dir='ltr'><strong><em>Cambr.</em></strong></span> <span class='ocrx_word' id='word_1_245' title='bbox 1014 3079 1089 3130; x_wconf 81' lang='lat' dir='ltr'><strong><em>udic-</em></strong></span> 
     </span>
     <span class='ocr_line' id='line_1_27' title="bbox 83 3166 1090 3238; baseline -0.004 -19"><span class='ocrx_word' id='word_1_246' title='bbox 83 3181 143 3224; x_wconf 83' lang='lat' dir='ltr'><strong><em>cerct</em></strong></span> <span class='ocrx_word' id='word_1_247' title='bbox 158 3173 289 3227; x_wconf 83' lang='lat' dir='ltr'><strong><em>Psmelius.</em></strong></span> <span class='ocrx_word' id='word_1_248' title='bbox 325 3170 386 3223; x_wconf 86' lang='lat' dir='ltr'><strong><em>Tum</em></strong></span> <span class='ocrx_word' id='word_1_249' title='bbox 411 3173 609 3224; x_wconf 78' lang='lat' dir='ltr'><strong><em>miserationem</em></strong></span> <span class='ocrx_word' id='word_1_250' title='bbox 634 3185 680 3238; x_wconf 90' lang='lat' dir='ltr'><strong><em>pro</em></strong></span> <span class='ocrx_word' id='word_1_251' title='bbox 701 3168 772 3238; x_wconf 60' lang='lat' dir='ltr'><strong><em>vulp</em></strong></span> <span class='ocrx_word' id='word_1_252' title='bbox 790 3171 978 3222; x_wconf 71' lang='lat' dir='ltr'><strong><em>miserationes</em></strong></span> <span class='ocrx_word' id='word_1_253' title='bbox 1002 3166 1090 3232; x_wconf 84' lang='lat' dir='ltr'><strong><em>recepi</em></strong></span> 
     </span>
     <span class='ocr_line' id='line_1_28' title="bbox 84 3251 1089 3328; baseline -0.008 -18"><span class='ocrx_word' id='word_1_254' title='bbox 84 3271 109 3306; x_wconf 80' lang='lat' dir='ltr'><strong><em>ex</em></strong></span> <span class='ocrx_word' id='word_1_255' title='bbox 131 3260 217 3314; x_wconf 84' lang='lat' dir='ltr'><strong><em>iisdem</em></strong></span> <span class='ocrx_word' id='word_1_256' title='bbox 244 3259 318 3313; x_wconf 86' lang='lat' dir='ltr'><strong><em>codd.</em></strong></span> <span class='ocrx_word' id='word_1_257' title='bbox 360 3256 418 3309; x_wconf 75' lang='lat' dir='ltr'><strong><em>tros</em></strong></span> <span class='ocrx_word' id='word_1_258' title='bbox 440 3259 590 3328; x_wconf 73' lang='lat' dir='ltr'><strong><em>imtettipcot</em></strong></span> <span class='ocrx_word' id='word_1_259' title='bbox 607 3272 653 3324; x_wconf 88' lang='lat' dir='ltr'><strong><em>pro</em></strong></span> <span class='ocrx_word' id='word_1_260' title='bbox 674 3265 697 3311; x_wconf 89' lang='lat' dir='ltr'><strong><em>te</em></strong></span> <span class='ocrx_word' id='word_1_261' title='bbox 719 3259 832 3326; x_wconf 80' lang='lat' dir='ltr'><strong><em>diiipmmt</em></strong></span> <span class='ocrx_word' id='word_1_262' title='bbox 849 3254 935 3308; x_wconf 85' lang='lat' dir='ltr'><strong><em>scribit</em></strong></span> <span class='ocrx_word' id='word_1_263' title='bbox 952 3251 983 3306; x_wconf 79' lang='lat' dir='ltr'><strong><em>A.</em></strong></span> <span class='ocrx_word' id='word_1_264' title='bbox 1019 3251 1089 3304; x_wconf 80' lang='lat' dir='ltr'><strong><em>lderu</em></strong></span> 
     </span>
     <span class='ocr_line' id='line_1_29' title="bbox 571 3346 706 3400; baseline -0.015 0"><span class='ocrx_word' id='word_1_265' title='bbox 571 3350 589 3400; x_wconf 89' lang='lat'><strong><em>:·</em></strong></span> <span class='ocrx_word' id='word_1_266' title='bbox 611 3346 706 3398; x_wconf 82' lang='lat' dir='ltr'><strong><em>coimus</em></strong></span> 
     </span>
     <span class='ocr_line' id='line_1_30' title="bbox 84 3349 1088 3491; baseline -0.004 -25"><span class='ocrx_word' id='word_1_267' title='bbox 84 3425 133 3479; x_wconf 87' lang='lat' dir='ltr'><strong><em>poet</em></strong></span> <span class='ocrx_word' id='word_1_268' title='bbox 148 3422 249 3491; x_wconf 79' lang='lat' dir='ltr'><strong><em>imperta</em></strong></span> <span class='ocrx_word' id='word_1_269' title='bbox 267 3434 317 3472; x_wconf 89' lang='lat' dir='ltr'><strong><em>om.</em></strong></span> <span class='ocrx_word' id='word_1_270' title='bbox 334 3426 395 3479; x_wconf 83' lang='lat' dir='ltr'><strong><em>tcc3</em></strong></span> <span class='ocrx_word' id='word_1_271' title='bbox 423 3414 482 3466; x_wconf 84' lang='lat' dir='ltr'><strong><em>dein</em></strong></span> <span class='ocrx_word' id='word_1_272' title='bbox 501 3413 578 3466; x_wconf 84' lang='lat' dir='ltr'><strong><em>bsbct</em></strong></span> <span class='ocrx_word' id='word_1_273' title='bbox 594 3349 712 3484; x_wconf 45' lang='lat' dir='ltr'><strong><em>{scimus</em></strong></span> <span class='ocrx_word' id='word_1_274' title='bbox 729 3419 755 3464; x_wconf 88' lang='lat' dir='ltr'><strong><em>et</em></strong></span> <span class='ocrx_word' id='word_1_275' title='bbox 773 3413 893 3481; x_wconf 68' lang='lat' dir='ltr'><strong><em>sopimus</em></strong></span> <span class='ocrx_word' id='word_1_276' title='bbox 911 3425 957 3478; x_wconf 90' lang='lat' dir='ltr'><strong><em>pro</em></strong></span> <span class='ocrx_word' id='word_1_277' title='bbox 975 3413 1088 3481; x_wconf 68' lang='lat' dir='ltr'><strong><em>[mimus.</em></strong></span> 
     </span>
     <span class='ocr_line' id='line_1_31' title="bbox 85 3497 1088 3576; baseline 0.002 -28"><span class='ocrx_word' id='word_1_278' title='bbox 85 3497 159 3555; x_wconf 83' lang='lat' dir='ltr'><strong><em>Statim</em></strong></span> <span class='ocrx_word' id='word_1_279' title='bbox 184 3507 351 3576; x_wconf 82' lang='lat' dir='ltr'><strong><em>trumspreesi</em></strong></span> <span class='ocrx_word' id='word_1_280' title='bbox 375 3507 515 3574; x_wconf 75' lang='lat' dir='ltr'><strong><em>feceramus</em></strong></span> <span class='ocrx_word' id='word_1_281' title='bbox 540 3498 586 3555; x_wconf 82' lang='lat' dir='ltr'><strong><em>bb.</em></strong></span> <span class='ocrx_word' id='word_1_282' title='bbox 612 3500 690 3552; x_wconf 83' lang='lat' dir='ltr'><strong><em>Voce.</em></strong></span> <span class='ocrx_word' id='word_1_283' title='bbox 713 3508 853 3569; x_wconf 80' lang='lat' dir='ltr'><strong><em>praecepto</em></strong></span> <span class='ocrx_word' id='word_1_284' title='bbox 881 3508 927 3551; x_wconf 88' lang='lat' dir='ltr'><strong><em>tcc</em></strong></span> <span class='ocrx_word' id='word_1_285' title='bbox 951 3525 985 3535; x_wconf 89' lang='lat'><em>-</em></span> <span class='ocrx_word' id='word_1_286' title='bbox 1004 3528 1036 3537; x_wconf 88' lang='lat'>-</span> <span class='ocrx_word' id='word_1_287' title='bbox 1056 3523 1088 3535; x_wconf 91' lang='lat'><em>-</em></span> 
     </span>
     <span class='ocr_line' id='line_1_32' title="bbox 86 3583 1090 3659; baseline -0.006 -17"><span class='ocrx_word' id='word_1_288' title='bbox 86 3592 225 3649; x_wconf 80' lang='lat' dir='ltr'><strong><em>cottotmos</em></strong></span> <span class='ocrx_word' id='word_1_289' title='bbox 243 3597 323 3648; x_wconf 83' lang='lat' dir='ltr'><strong><em>eertc</em></strong></span> <span class='ocrx_word' id='word_1_290' title='bbox 342 3607 380 3659; x_wconf 84' lang='lat' dir='ltr'><strong><em>pr.</em></strong></span> <span class='ocrx_word' id='word_1_291' title='bbox 399 3591 491 3642; x_wconf 80' lang='lat' dir='ltr'><strong><em>omisso</em></strong></span> <span class='ocrx_word' id='word_1_292' title='bbox 508 3605 528 3642; x_wconf 90' lang='lat' dir='ltr'><strong><em>r.</em></strong></span> <span class='ocrx_word' id='word_1_293' title='bbox 547 3605 579 3642; x_wconf 87' lang='lat' dir='ltr'><strong><em>m.</em></strong></span> <span class='ocrx_word' id='word_1_294' title='bbox 598 3589 631 3640; x_wconf 81' lang='lat' dir='ltr'><strong><em>od</em></strong></span> <span class='ocrx_word' id='word_1_295' title='bbox 649 3603 699 3656; x_wconf 84' lang='lat' dir='ltr'><strong><em>mg.</em></strong></span> <span class='ocrx_word' id='word_1_296' title='bbox 719 3585 817 3640; x_wconf 76' lang='lat' dir='ltr'><strong><em>addidit</em></strong></span> <span class='ocrx_word' id='word_1_297' title='bbox 837 3586 862 3637; x_wconf 89' lang='lat' dir='ltr'><strong><em>iu</em></strong></span> <span class='ocrx_word' id='word_1_298' title='bbox 875 3583 929 3648; x_wconf 85' lang='lat' dir='ltr'><strong><em>Mc;</em></strong></span> <span class='ocrx_word' id='word_1_299' title='bbox 949 3593 973 3637; x_wconf 85' lang='lat' dir='ltr'><strong><em>st</em></strong></span> <span class='ocrx_word' id='word_1_300' title='bbox 989 3584 1090 3636; x_wconf 82' lang='lat' dir='ltr'><strong><em>iudicia</em></strong></span> 
     </span>
     <span class='ocr_line' id='line_1_33' title="bbox 86 3668 1088 3741; baseline -0.009 -12"><span class='ocrx_word' id='word_1_301' title='bbox 86 3682 124 3728; x_wconf 83' lang='lat' dir='ltr'><strong><em>too</em></strong></span> <span class='ocrx_word' id='word_1_302' title='bbox 140 3677 228 3733; x_wconf 83' lang='lat' dir='ltr'><strong><em>desunt</em></strong></span> <span class='ocrx_word' id='word_1_303' title='bbox 245 3683 271 3732; x_wconf 88' lang='lat' dir='ltr'><strong><em>in</em></strong></span> <span class='ocrx_word' id='word_1_304' title='bbox 288 3681 319 3731; x_wconf 86' lang='grc' dir='ltr'><strong><em>Α.</em></strong></span> <span class='ocrx_word' id='word_1_305' title='bbox 355 3682 414 3732; x_wconf 77' lang='lat' dir='ltr'><strong><em>d&#39;co</em></strong></span> <span class='ocrx_word' id='word_1_306' title='bbox 431 3692 481 3728; x_wconf 88' lang='lat' dir='ltr'><strong><em>om.</em></strong></span> <span class='ocrx_word' id='word_1_307' title='bbox 499 3675 548 3729; x_wconf 81' lang='lat' dir='ltr'><strong><em>Me.</em></strong></span> <span class='ocrx_word' id='word_1_308' title='bbox 584 3675 641 3728; x_wconf 84' lang='lat' dir='ltr'><strong><em>biox</em></strong></span> <span class='ocrx_word' id='word_1_309' title='bbox 665 3678 746 3730; x_wconf 83' lang='lat' dir='ltr'><strong><em>oeric</em></strong></span> <span class='ocrx_word' id='word_1_310' title='bbox 770 3688 822 3725; x_wconf 89' lang='lat' dir='ltr'><strong><em>non</em></strong></span> <span class='ocrx_word' id='word_1_311' title='bbox 848 3678 989 3741; x_wconf 80' lang='lat' dir='ltr'><strong><em>agnoscunt</em></strong></span> <span class='ocrx_word' id='word_1_312' title='bbox 1013 3668 1088 3721; x_wconf 89' lang='lat' dir='ltr'><strong><em>codd.</em></strong></span> 
     </span>
     <span class='ocr_line' id='line_1_34' title="bbox 87 3755 1090 3830; baseline -0.002 -20"><span class='ocrx_word' id='word_1_313' title='bbox 87 3768 163 3819; x_wconf 81' lang='lat' dir='ltr'><strong><em>nostri.</em></strong></span> <span class='ocrx_word' id='word_1_314' title='bbox 197 3769 272 3822; x_wconf 83' lang='lat' dir='ltr'><strong><em>Cuius</em></strong></span> <span class='ocrx_word' id='word_1_315' title='bbox 294 3782 350 3820; x_wconf 84' lang='lat' dir='ltr'><strong><em>voc.</em></strong></span> <span class='ocrx_word' id='word_1_316' title='bbox 369 3766 426 3818; x_wconf 91' lang='lat' dir='ltr'><strong><em>loco</em></strong></span> <span class='ocrx_word' id='word_1_317' title='bbox 445 3781 465 3816; x_wconf 90' lang='lat' dir='ltr'><strong><em>r.</em></strong></span> <span class='ocrx_word' id='word_1_318' title='bbox 484 3781 516 3816; x_wconf 91' lang='lat' dir='ltr'><strong><em>rn.</em></strong></span> <span class='ocrx_word' id='word_1_319' title='bbox 535 3765 560 3814; x_wconf 90' lang='lat' dir='ltr'><strong><em>iu</em></strong></span> <span class='ocrx_word' id='word_1_320' title='bbox 579 3762 620 3815; x_wconf 84' lang='lat' dir='ltr'><strong><em>bib</em></strong></span> <span class='ocrx_word' id='word_1_321' title='bbox 639 3762 817 3830; x_wconf 77' lang='lat' dir='ltr'><strong><em>superscripsit</em></strong></span> <span class='ocrx_word' id='word_1_322' title='bbox 833 3768 982 3829; x_wconf 81' lang='lat' dir='ltr'><strong><em>praecepto.</em></strong></span> <span class='ocrx_word' id='word_1_323' title='bbox 1027 3755 1090 3808; x_wconf 85' lang='lat' dir='ltr'><strong><em>Tum</em></strong></span> 
     </span>
     <span class='ocr_line' id='line_1_35' title="bbox 87 3841 1088 3924; baseline -0.016 -12"><span class='ocrx_word' id='word_1_324' title='bbox 87 3865 127 3903; x_wconf 68' lang='lat'><strong><em>¹¹⁶0</em></strong></span> <span class='ocrx_word' id='word_1_325' title='bbox 150 3875 291 3924; x_wconf 79' lang='lat' dir='ltr'><strong><em>puerorum</em></strong></span> <span class='ocrx_word' id='word_1_326' title='bbox 318 3853 439 3907; x_wconf 84' lang='lat' dir='ltr'><strong><em>exhibent</em></strong></span> <span class='ocrx_word' id='word_1_327' title='bbox 463 3851 505 3903; x_wconf 85' lang='lat' dir='ltr'><strong><em>Md</em></strong></span> <span class='ocrx_word' id='word_1_328' title='bbox 532 3859 558 3902; x_wconf 87' lang='lat' dir='ltr'><strong><em>et</em></strong></span> <span class='ocrx_word' id='word_1_329' title='bbox 581 3850 611 3904; x_wconf 83' lang='grc' dir='ltr'><strong><em>Α.</em></strong></span> <span class='ocrx_word' id='word_1_330' title='bbox 656 3851 721 3902; x_wconf 84' lang='lat' dir='ltr'><strong><em>Dein</em></strong></span> <span class='ocrx_word' id='word_1_331' title='bbox 748 3852 912 3918; x_wconf 74' lang='lat' dir='ltr'><strong><em>profetarum</em></strong></span> <span class='ocrx_word' id='word_1_332' title='bbox 939 3843 1024 3897; x_wconf 84' lang='lat' dir='ltr'><strong><em>scribit</em></strong></span> <span class='ocrx_word' id='word_1_333' title='bbox 1048 3841 1088 3896; x_wconf 88' lang='lat' dir='ltr'><strong><em>W.</em></strong></span> 
     </span>
     <span class='ocr_line' id='line_1_36' title="bbox 89 3931 1089 4020; baseline -0.012 -24"><span class='ocrx_word' id='word_1_334' title='bbox 89 3931 234 4020; x_wconf 59' lang='lat' dir='ltr'><strong><em>Prffepoeirio</em></strong></span> <span class='ocrx_word' id='word_1_335' title='bbox 251 3953 310 3996; x_wconf 82' lang='lat' dir='ltr'><strong><em>outo</em></strong></span> <span class='ocrx_word' id='word_1_336' title='bbox 327 3946 431 3997; x_wconf 84' lang='lat' dir='ltr'><strong><em>momine</em></strong></span> <span class='ocrx_word' id='word_1_337' title='bbox 449 3941 522 3993; x_wconf 82' lang='lat' dir='ltr'><strong><em>ebert</em></strong></span> <span class='ocrx_word' id='word_1_338' title='bbox 541 3937 572 3990; x_wconf 83' lang='lat' dir='ltr'><strong><em>eb</em></strong></span> <span class='ocrx_word' id='word_1_339' title='bbox 592 3936 623 3990; x_wconf 79' lang='lat' dir='ltr'><strong><em>A.</em></strong></span> <span class='ocrx_word' id='word_1_340' title='bbox 659 3936 737 3989; x_wconf 79' lang='lat' dir='ltr'><strong><em>Paulo</em></strong></span> <span class='ocrx_word' id='word_1_341' title='bbox 755 3943 812 4005; x_wconf 88' lang='lat' dir='ltr'><strong><em>poet</em></strong></span> <span class='ocrx_word' id='word_1_342' title='bbox 831 3933 872 3985; x_wconf 84' lang='lat' dir='ltr'><strong><em>Mb</em></strong></span> <span class='ocrx_word' id='word_1_343' title='bbox 891 3931 934 3982; x_wconf 83' lang='lat' dir='ltr'><strong><em>dat</em></strong></span> <span class='ocrx_word' id='word_1_344' title='bbox 952 3934 980 3984; x_wconf 84' lang='lat' dir='ltr'><strong><em>ise</em></strong></span> <span class='ocrx_word' id='word_1_345' title='bbox 998 3947 1089 3984; x_wconf 82' lang='lat' dir='ltr'><strong><em>ommes</em></strong></span> 
     </span>
     <span class='ocr_line' id='line_1_37' title="bbox 89 4014 1088 4103; baseline -0.021 -15"><span class='ocrx_word' id='word_1_346' title='bbox 89 4035 174 4088; x_wconf 67' lang='lat' dir='ltr'><strong><em>scobs.</em></strong></span> <span class='ocrx_word' id='word_1_347' title='bbox 218 4031 247 4103; x_wconf 81' lang='lat'><strong><em>8)</em></strong></span> <span class='ocrx_word' id='word_1_348' title='bbox 272 4035 345 4098; x_wconf 69' lang='lat' dir='ltr'><strong><em>itti,</em></strong></span> <span class='ocrx_word' id='word_1_349' title='bbox 372 4033 489 4098; x_wconf 78' lang='lat' dir='ltr'><strong><em>domine,</em></strong></span> <span class='ocrx_word' id='word_1_350' title='bbox 516 4030 564 4082; x_wconf 77' lang='lat' dir='ltr'><strong><em>titt</em></strong></span> <span class='ocrx_word' id='word_1_351' title='bbox 585 4027 689 4081; x_wconf 82' lang='lat' dir='ltr'><strong><em>iustitie</em></strong></span> <span class='ocrx_word' id='word_1_352' title='bbox 706 4023 747 4077; x_wconf 86' lang='lat' dir='ltr'><strong><em>W.</em></strong></span> <span class='ocrx_word' id='word_1_353' title='bbox 765 4021 863 4075; x_wconf 77' lang='lat' dir='ltr'><strong><em>idebcd.</em></strong></span> <span class='ocrx_word' id='word_1_354' title='bbox 881 4018 928 4072; x_wconf 82' lang='lat' dir='ltr'><strong><em>bb.</em></strong></span> <span class='ocrx_word' id='word_1_355' title='bbox 946 4017 969 4069; x_wconf 84' lang='grc' dir='ltr'><strong>Α</strong></span> <span class='ocrx_word' id='word_1_356' title='bbox 987 4032 1010 4071; x_wconf 90' lang='lat' dir='ltr'><strong><em>c.</em></strong></span> <span class='ocrx_word' id='word_1_357' title='bbox 1029 4014 1088 4068; x_wconf 81' lang='lat' dir='ltr'><strong><em>edd.</em></strong></span> 
     </span>
    </p>
   </div>
   <div class='ocr_carea' id='block_1_5' title="bbox 0 0 1453 4806">
    <p class='ocr_par' dir='ltr' id='par_1_5' title="bbox 0 0 1453 4806">
     <span class='ocr_line' id='line_1_38' title="bbox 0 0 1453 4806; baseline 0 0"><span class='ocrx_word' id='word_1_358' title='bbox 0 0 1453 4806; x_wconf 95' lang='lat' dir='ltr'><strong><em> </em></strong></span> 
     </span>
    </p>
   </div>
  </div>
 </body>
</html>
