2872 4806
767 387 811 454 38

276 523 374 616 latere
389 554 478 632 atque
493 549 615 612 auribus
637 547 746 610 vestris
760 545 928 628 perniciosa
943 543 1101 626 conloquia
1117 544 1197 634 velut
1215 561 1293 610 con·

278 665 389 746 tagium
404 665 507 726 mortis
523 669 641 742 arcete,
663 662 739 726 sicut
755 661 896 742 scriptum
920 657 1019 738 est⁵):
1042 655 1174 740 Saepi⁶)
1197 678 1291 722 cares

278 785 350 838 taos
365 776 476 855 spinis,
502 783 532 837 et
545 776 610 838 ooli
626 776 739 837 andire
754 775 892 854 liupatone
907 792 1047 852 aeqaarn.
1082 772 1121 836 Et
1134 773 1240 836 iterum
1251 769 1291 850 ⁷):

280 887 485 968 Corrumpunt
516 887 643 968 inpeoio
675 881 792 976 hanff)
828 886 1097 967 confabulationes
1126 887 1292 964 pessimae.

253 996 407 1078 sDocet9)
431 1001 567 1064 dominus
592 1007 622 1062 et
637 1000 776 1064 admonet
791 1018 808 1061 a
823 1001 930 1063 talibus
953 997 1169 1062 recedendum.
1200 997 1294 1062 Caeci

278 1123 362 1192 sant,
377 1116 471 1196 inquit
484 1111 531 1194 ¹⁰),
546 1116 640 1178 daces
656 1132 826 1178 caecorum.
868 1113 988 1178 Caecus
1007 1122 1108 1178 aetem
1122 1111 1293 1196 coeman)

281 1227 396 1289 doceres
418 1227 512 1288 simol
532 1227 566 1290 io
586 1226 711 1306 [coeam
733 1226 854 1288 cadent.
891 1223 1138 1305 Aversandus¹²)
1163 1233 1209 1290 est
1228 1227 1295 1290 lalis

280 1347 369 1420 atque
386 1338 544 1423 fugiendus
562 1339 694 1420 quisquis
711 1336 800 1400 fuerit
817 1338 852 1398 ab
870 1337 997 1400 ecelesia
1014 1345 1179 1419 separatus.
1213 1336 1294 1401 Per-

280 1471 390 1516 oereos
413 1461 460 1514 est
479 1450 726 1530 huiusmodi¹⁵)‚
750 1460 780 1514 et
796 1459 924 1532 peccat,
948 1459 978 1513 et
999 1458 1046 1514 est
1068 1470 1089 1514 o
1110 1460 1205 1514 semet
1225 1453 1295 1534 ipso
1332 1469 1338 1478 “

244 1585 270 1628 ro
283 1567 459 1628 damnatos.
506 1563 553 1627 An
577 1582 647 1627 esse
657 1559 695 1641 11)
717 1563 774 1625 sibi
797 1581 863 1624 cum
886 1562 1003 1625 Christo
1025 1561 1143 1626 videtur
1166 1563 1218 1644 qui
1239 1564 1296 1626 ad-

282 1696 390 1744 versus
423 1677 598 1742 sacerdotes
622 1677 730 1740 Christi
762 1675 848 1756 facit,
881 1677 930 1758 qui
960 1695 995 1739 se
1029 1697 1046 1740 a
1078 1678 1151 1741 cleri
1179 1679 1245 1742 eius
1268 1687 1298 1742 et

282 1792 378 1874 plebis
400 1786 592 1865 societatem)
618 1787 773 1852 secernit?
817 1788 910 1850 Arma
933 1787 981 1850 ille
1004 1794 1109 1853 contra
1140 1791 1298 1856 eeclesiam

283 1913 399 1990 portat,
423 1911 526 1970 contra
550 1904 599 1968 dei
609 1899 648 1984 16)
671 1903 898 1985 dispositionem
920 1911 1087 1987 repugnat:
1111 1904 1206 1968 hostis
1221 1906 1298 1969 alta-

284 2091 414 2142 eiusmodi
436 2088 505 2139 idem
530 2086 608 2137 habet
632 2086 792 2138 laiirsmodi.
828 2083 886 2135 Mox
913 2089 943 2138 al
970 2089 1084 2156 apriles
1102 2083 1163 2138 dant
1179 2085 1238 2140 Ver.
1256 2087 1297 2140 tm
1351 2073 1355 2080 ¹

284 2184 311 2227 et
328 2175 358 2227 Α.
395 2175 427 2242 5)
444 2174 515 2226 Eccl.
535 2174 580 2240 te,
599 2175 640 2226 24.
676 2173 704 2237 6)
721 2177 810 2242 saepi,
829 2177 914 2243 inquit
932 2173 982 2228 Mb.
1015 2175 1077 2227 Turn
1095 2179 1175 2230 nolite
1193 2193 1230 2245 pr.
1250 2175 1298 2230 tte.

284 2263 314 2326 7)
333 2267 369 2317 ll't
385 2267 480 2316 iterem
499 2278 549 2315 om.
568 2263 609 2316 ed.
629 2260 758 2326 Basante,
777 2265 873 2316 iterum
894 2265 959 2316 dicit
977 2263 1096 2316 scribitur
1114 2263 1209 2319 in‘illr.
1241 2264 1297 2318 vid.

287 2350 310 2402 t.
330 2349 387 2402 Cor.
413 2349 460 2414 15,
486 2349 527 2401 33.
569 2349 598 2415 8)
617 2368 705 2404 mores
732 2353 813 2403 lones
830 2349 881 2400 tte.
916 2349 945 2418 9)
965 2354 1042 2404 Dicet
1064 2349 1112 2404 Bb.
1149 2352 1215 2404 Dein
1239 2370 1300 2408 esse

284 2440 453 2492 recedendum
471 2437 532 2490 Ver.
569 2438 614 2504 10)
634 2436 718 2490 Matth.
740 2435 789 2501 15,
815 2437 854 2490 14.
893 2436 941 2500 11)
961 2448 1046 2491 tecam
1071 2454 1117 2507 pro
1141 2457 1248 2494 caecam
1268 2440 1299 2492 Α.

285 2524 334 2576 Pro
352 2528 435 2577 simul
456 2525 495 2576 ed.
507 2524 628 2577 Deventr.
643 2522 745 2575 exhibet
763 2528 845 2577 attilo.
879 2523 984 2574 Restitni
1004 2525 1095 2578 deinde
1115 2529 1214 2593 cadent,
1232 2527 1300 2596 quod

287 2613 406 2663 convenit
425 2610 522 2663 Graeco
547 2613 676 2660 πεσοῦνται
700 2628 740 2678 ep.
759 2611 845 2663 narra.
865 2611 881 2664 Ι.
903 2628 943 2676 c.‚
968 2613 1147 2680 praeeuntibus
1171 2613 1239 2665 libris
1258 2613 1300 2667 W.

287 2697 368 2750 Mabe.
387 2698 431 2750 Ba.
450 2698 473 2749 Α
492 2708 518 2750 et
535 2700 606 2751 editis
625 2700 740 2752 omnibus
759 2707 862 2769 praeter
879 2698 966 2752 Belua.
985 2709 1011 2751 et
1029 2699 1127 2766 Gelda,
1155 2701 1180 2752 in
1199 2701 1300 2769 quibus,

287 2793 314 2836 ut
332 2787 357 2836 in
380 2785 453 2837 codd.
472 2785 525 2850 Bb,
549 2787 628 2839 tribus
648 2787 727 2854 Neap.
747 2796 773 2839 et
791 2787 847 2852 Md,
867 2787 959 2856 legitur
977 2791 1081 2842 celarit.
1127 2787 1175 2852 12)
1193 2791 1300 2842 Adver-

286 2875 388 2926 sendae
406 2872 473 2924 llbd.
492 2871 539 2924 Bb.
558 2873 580 2924 ‚t
600 2882 625 2925 et
644 2889 681 2940 pr.
700 2873 813 2936 Me;.est
831 2889 879 2924 om.
900 2872 939 2926 ed.
958 2873 1079 2926 Daventr.
1110 2874 1171 2926 Tum
1190 2878 1301 2944 quisque
1416 2913 1417 2920 .

286 2961 349 3012 dont
375 2960 448 3014 codd.
466 2962 545 3012 nostri
564 2976 651 3012 omnes
670 2977 692 3011 c.
714 2961 754 3012 ed.
773 2959 895 3012 Deventr.
914 2963 1101 3030 permutatione
1120 2960 1202 3013 solita.
1239 2960 1297 3013 vid.

287 3044 319 3097 ad
332 3044 392 3113 Cap.
405 3045 434 3112 Y.
453 3048 505 3099 n.5
524 3055 549 3100 et
568 3048 600 3098 10
613 3056 638 3099 et
655 3047 687 3098 ad
704 3046 765 3121 Cap.
778 3045 841 3100 Xlll.
861 3065 884 3099 n.
900 3049 923 3100 6.
961 3047 1005 3114 13)
1025 3051 1179 3103 perversas
1197 3051 1299 3103 lenias-

287 3171 358 3222 rnodi
375 3143 475 3221 mllb.
511 3170 569 3221 Mox
587 3173 670 3223 eciem
687 3145 733 3237 pro
758 3180 782 3223 et
806 3180 846 3223 est
868 3171 990 3222 mendose
1008 3171 1039 3223 t.
1074 3170 1135 3222 Post
1161 3173 1302 3224 maetas

286 3254 346 3308 eod.
364 3255 493 3324 Burgund.
512 3255 601 3307 infert:
627 3259 649 3308 Α
675 3267 756 3310 semet
780 3260 851 3326 ipsis
872 3261 990 3310 damnati
1007 3268 1071 3312 sant
1088 3261 1133 3327 qni
1150 3274 1182 3311 ee
1204 3260 1236 3310 al
1244 3273 1302 3341 Q
1416 3281 1417 3332 p

290 3345 371 3397 claein
385 3346 487 3396 Christi
504 3353 636 3412 separant.
674 3342 718 3406 14)
738 3347 770 3396 ln
788 3361 849 3397 esee
868 3345 929 3412 (sie)
948 3343 994 3396 Bb.
1025 3343 1090 3397 Dein
1109 3339 1151 3417 ipo
1174 3361 1220 3412 pro
1243 3347 1303 3414 Xpo
1416 3335 1417 3396 l

290 3428 320 3481 n.
349 3428 465 3481 monne
483 3432 625 3482 atvertum
643 3428 683 3480 w,
701 3428 763 3481 aar.
783 3430 830 3481 nc.
850 3429 881 3482 n.
912 3430 973 3482 rum
992 3436 1153 3487 ,enaret
1165 3433 1213 3485 nc.
1243 3432 1304 3485 ron
1416 3415 1417 3496 ἶ

289 3515 367 3569 verba
393 3519 523 3570 adversae
546 3518 698 3569 sacerdotes
717 3520 820 3571 Christi
844 3523 910 3587 feeit
933 3520 991 3571 cod.
1009 3518 1139 3589 Burgund.
1158 3517 1302 3588 subiungit:

290 3605 357 3656 llum
375 3605 481 3658 atatem
506 3619 567 3655 esse
591 3619 644 3655 nort
668 3607 800 3659 videditur
823 3610 868 3674 qni
894 3618 987 3660 eontra
1015 3611 1177 3662 sacerdotem
1202 3610 1305 3662 Cariati
1416 3603 1417 3608 ’

290 3693 369 3760 facit,
395 3705 461 3757 quae
484 3705 580 3740 merum
598 3688 724 3757 glossema
742 3692 868 3745 redolent.
905 3693 949 3750 15)
970 3692 1075 3760 „Codex
1091 3694 1185 3746 Veron.
1204 3697 1235 3748 nl
1254 3711 1303 3748 ec-

292 3781 377 3830 clesia
395 3781 453 3831 eice
472 3787 495 3830 et
511 3781 592 3846 plebe.
627 3777 796 3832 Lamonianus
815 3785 860 3851 qui
877 3798 907 3835 se
925 3801 941 3834 a
960 3785 1067 3836 clericis
1086 3786 1146 3837 eirea
1164 3791 1188 3836 et
1204 3785 1302 3850 plebe!

291 3866 436 3918 Belemina.
467 3863 516 3915 Sed
535 3867 561 3916 in
579 3864 689 3934 Gotting.
709 3868 817 3934 exempl.
836 3869 876 3921 ed.
892 3868 983 3922 Manui.
1004 3886 1036 3921 ex
1048 3869 1140 3922 Veron.
1157 3867 1222 3920 libro
1240 3868 1304 3927 nihil

292 3951 423 4006 varietatis
441 3959 568 4006 caelatum
586 3955 679 4025 reperi.
716 3953 777 4012 sita
795 3957 873 4013 etiam
890 3955 1023 4032 Rigaltius.
1059 3955 1105 4029 16)
1122 3959 1225 4013 domari
1240 3954 1288 4014 Bb,
