2874 4806
539 453 602 525 183

71 609 190 676 muudus
220 611 288 694 ipsc
318 614 534 696 contemnitur,
565 615 649 680 cuius
678 619 794 700 pompis
825 624 854 682 et
883 619 995 684 deliciis
1021 621 1079 684 iam

71 731 134 788 tuuc
161 727 414 808 renuntiavimus,
449 747 516 794 cum
549 731 674 794 meliore
704 738 895 816 transgressu
925 734 962 796 ad
992 729 1080 798 ddum

71 840 207 904 uenimus.
253 839 381 904 loannes
397 837 426 918 ⁴)
458 858 516 905 uos
546 844 656 906 excitat
685 851 716 908 et
739 845 875 910 hortatur
906 848 1029 929 spiritali
1051 854 1082 910 et

72 955 186 1019 caelesti
209 973 289 1020 voce
311 962 482 1022 contestans
499 955 543 1034 ⁵):
573 958 686 1038 Notitc,
710 962 750 1024 ait
765 957 809 1041 6),
840 963 971 1042 ditiqera
992 981 1082 1025 mnn-

52 1070 147 1147 adom,
169 1089 272 1152 acqua
295 1091 334 1134 co
354 1091 435 1153 quoe
457 1073 491 1135 io
508 1076 623 1138 mondo
638 1084 719 1138 suot.
758 1075 793 1138 st
809 1078 879 1159 quis
895 1078 1045 1141 dilacerit
1057 1075 1083 1157 ⁷)
1172 1073 1177 1082 ’

71 1184 227 1262 mondum,
252 1204 317 1250 oon
340 1194 388 1249 cst
408 1187 526 1250 coritas
543 1189 649 1268 patris
671 1190 705 1252 in
726 1189 794 1268 ttto,
817 1194 964 1272 qnoniam
985 1212 1082 1272 omna,

72 1298 147 1376 qaod
172 1299 208 1361 in
235 1301 351 1364 mondo
374 1308 434 1380 cst,
459 1304 714 1382 concupiscentia
737 1305 846 1367 cornia
872 1313 933 1383 est,
957 1313 987 1368 ct
1008 1325 1083 1369 con-

71 1415 261 1494 cupiscentia
284 1417 460 1496 oculorum,
484 1426 515 1481 et
536 1417 664 1482 ambitio
686 1420 825 1498 soeculi,
850 1439 930 1501 quoe
953 1439 1015 1482 non
1038 1429 1086 1482 est

73 1544 90 1586 o
117 1533 206 1607 putre
217 1577 228 1608 ,
246 1532 321 1620 *aad
355 1551 396 1595 am
429 1533 680 1614 concupiscentia
710 1534 825 1596 mundi.
881 1533 922 1595 Et
953 1534 1085 1596 mondus

44 1637 261 1722 iurandost&
291 1653 321 1707 ct
351 1645 605 1726 concupiscentia
633 1646 710 1708 cios.
763 1645 824 1722 Qut
853 1655 956 1710 uotam
975 1645 1088 1724 feccrit

72 1755 256 1820 uoluntatem
280 1757 333 1820 dei
347 1751 375 1836 9)
396 1767 502 1822 mooct
521 1760 554 1821 in
578 1766 756 1838 oeternum,
784 1759 936 1840 quomodo
958 1768 989 1823 ct
1009 1759 1085 1823 deus

73 2003 259 2070 contempnitur
282 2001 308 2051 iu
326 1997 409 2051 muco.
428 1997 459 2050 Α.
496 1997 558 2051 Tum
583 1999 657 2054 codd.
676 2007 748 2053 recto
772 2003 879 2064 deliciis
900 2017 951 2053 uuo
978 2011 1086 2073 excepto

73 2086 110 2153 W,
133 2089 159 2140 iu
185 2068 237 2160 qfio
265 2094 305 2140 est
330 2090 448 2156 diliciis,
478 2088 542 2140 sicut
566 2089 648 2156 primo
672 2086 720 2140 fuit
745 2089 772 2140 in
797 2086 845 2142 dia.
882 2088 954 2159 vulg.
978 2093 1086 2146 datitita.

73 2173 194 2245 Deioccpa
211 2180 268 2232 iarn
286 2193 348 2231 com
365 2175 398 2242 A,
417 2180 471 2230 iam
489 2187 543 2230 tam
557 2174 590 2226 W
608 2185 635 2228 et
653 2175 704 2228 did.
741 2175 827 2230 Statim
845 2181 1036 2232 renunciamus
1054 2176 1086 2230 Δ.

74 2259 181 2316 Proxime
200 2268 236 2320 od
254 2267 389 2319 minnan
406 2263 458 2330 did,
478 2273 531 2316 tres
549 2263 629 2316 Italici
648 2272 675 2316 et
692 2263 749 2316 cdd.
769 2261 910 2318 Manuti'aua
931 2266 1086 2333 antiquiores

73 2365 93 2401 c.
110 2349 206 2404 diorell.
244 2350 274 2416 d)
294 2350 457 2404 Praemittuot
482 2354 544 2408 dinc
568 2349 626 2417 did,
652 2351 702 2402 duo
721 2349 775 2403 tat.
795 2358 950 2419 veteresque
977 2352 1039 2403 editi
1063 2369 1085 2404 c.

73 2435 153 2492 Remb.
172 2439 273 2494 Eraam.
292 2438 368 2494 Grau.
387 2449 413 2493 et
430 2438 528 2492 Morcit.
564 2438 626 2490 Tum
644 2441 713 2508 prius
733 2449 758 2493 ct
775 2438 836 2490 defit
853 2440 877 2490 iu
891 2437 938 2489 Mc.
976 2437 1044 2488 idem
1059 2447 1086 2490 et

72 2522 227 2580 dexhibeut
245 2532 390 2599 spirituaii.
439 2528 467 2593 5)
488 2526 595 2590 Quidam
614 2527 688 2580 codd.
707 2535 774 2578 testo
789 2523 896 2578 ‘Baluuic
917 2533 944 2578 et
962 2525 1011 2576 duo
1030 2524 1085 2577 ltal.

72 2615 218 2685 intereaque
237 2616 307 2681 edd,
326 2617 386 2667 item
399 2615 488 2668 Remb.
501 2614 600 2667 Eraam.
620 2623 646 2666 et
658 2613 732 2667 Grau.
751 2631 799 2667 uua
819 2631 875 2667 cum
889 2612 987 2666 uorem
1005 2628 1085 2680 prae-

73 2697 148 2753 fcrnut
173 2707 361 2759 corroborant.
404 2703 506 2756 Addunt
534 2713 617 2756 tamea
637 2703 735 2756 Erasm.
755 2711 781 2755 ct
799 2701 874 2755 Grau.
892 2704 917 2754 iu
943 2717 1008 2770 ηιμ
1036 2701 1085 2766 „aL

74 2795 241 2847 contained
280 2789 397 2844 Ceterum
416 2795 512 2847 Boium.
532 2792 619 2844 laudat
636 2790 721 2842 Nostri
739 2790 831 2843 librum
850 2791 883 2842 de
902 2789 966 2856 laps.
986 2805 1011 2856 p.
1027 2787 1085 2840 183.

73 2874 97 2939 6)
114 2881 149 2932 aa‘t
166 2895 216 2932 om.
236 2879 269 2930 W
288 2887 314 2931 ct
331 2878 401 2943 diac,
419 2882 506 2948 inquit
523 2869 599 2931 habet
617 2877 667 2930 tib.
703 2878 760 2930 vid.
778 2877 800 2930 1.
818 2877 905 2928 loono,
925 2876 951 2943 2,
973 2874 1084 2926 15-17.

73 2959 127 3016 Tum
143 2985 190 3022 nac
208 2986 241 3023 aa
258 2967 306 3020 Mc.
342 2967 370 3033 t)
388 2969 422 3020 st
439 2970 500 3036 quia
518 2976 605 3020 auimo
622 2968 714 3038 ditiqa'a
733 2966 793 3033 (sic)
811 2963 841 3017 A.
878 2963 938 3015 Post
957 2966 1084 3016 monadum

73 3046 107 3101 Mc
129 3054 199 3107 addit
225 3065 272 3110 out
299 3072 329 3109 aa
353 3072 418 3124 quoa
436 3058 465 3107 in
482 3057 579 3108 mundo
597 3063 669 3108 aunt.
706 3052 772 3104 Dein
790 3055 895 3107 karitas
914 3050 1025 3104 scribunt
1043 3048 1083 3101 dia

73 3147 95 3190 et
109 3138 136 3195 B.
164 3144 223 3198 diox
242 3145 365 3214 quoniam
382 3160 402 3195 r.
416 3159 448 3194 m.
468 3156 544 3210 supra
564 3141 658 3192 adiecit
675 3142 700 3192 iu
712 3138 754 3192 W.
786 3138 847 3190 Tum
866 3139 1083 3222 concupiscantur

74 3268 203 3324 contonam
222 3241 247 3286 ⁶⁸
261 3269 352 3322 ommia
364 3273 403 3318 cst
414 3264 453 3334 [ct
464 3281 477 3317 o
487 3281 508 3316 r.
520 3281 552 3316 m.
567 3265 703 3331 superacr.)
715 3262 765 3318 oth.
793 3261 896 3314 inverse
910 3261 951 3313 ed.
961 3260 1083 3314 Daueutr.

72 3346 142 3405 habet
158 3369 200 3411 cat
221 3358 330 3419 cornis,
356 3368 405 3405 om.
430 3364 471 3408 ast
489 3353 530 3405 tto
548 3360 700 3420 veteresque
724 3350 781 3403 edd.
802 3366 857 3401 cum
876 3347 965 3401 liemb.
984 3347 1081 3400 Erasm.

74 3444 142 3506 tique
158 3441 254 3496 diorell.
296 3441 412 3502 Proxime
431 3444 569 3496 oculorum
587 3439 659 3492 abest
679 3454 693 3490 a
712 3437 762 3490 Mb.
808 3436 869 3488 Tum
893 3454 945 3490 noo
969 3455 985 3490 o
1007 3445 1082 3506 putre

73 3527 153 3580 scribit
168 3529 210 3585 W.
252 3529 310 3582 dtox
330 3544 376 3597 pro
399 3528 470 3598 vulg.
491 3531 594 3583 sacculi
617 3535 747 3594 receptum
771 3527 864 3579 mundi
889 3523 997 3589 even,
1024 3538 1081 3573 cum

75 3607 161 3667 Graeco
179 3615 205 3667 ix
222 3622 266 3668 τοῦ
283 3616 374 3682 κόσμου
393 3625 419 3669 et
437 3616 523 3669 verbis
545 3631 616 3685 seqq.
635 3615 730 3682 optimc
755 3613 906 3676 conveniat3
938 3628 985 3663 nec
1010 3611 1083 3662 aliter

73 3694 158 3768 legitur
174 3708 199 3759 iu
217 3708 272 3761 libr.
292 3709 324 3760 de
343 3713 406 3759 crat.
426 3705 494 3757 dom.
508 3721 533 3772 p.
546 3703 599 3756 208
611 3711 635 3756 et
647 3702 679 3754 de
691 3701 807 3753 mortalit.
820 3717 845 3768 p.
862 3698 921 3752 236.
960 3697 987 3763 8)
1002 3708 1080 3751 trun-

75 3791 107 3842 tt't
126 3794 156 3856 (it
173 3795 198 3847 iu
216 3798 278 3861 raa.)
298 3795 349 3860 tth,
367 3797 477 3849 munatii
494 3793 541 3845 tte.
577 3792 631 3845 Neo
657 3789 773 3859 displicet
797 3788 875 3840 lectio
904 3791 1018 3854 trorum,-
1044 3795 1082 3838 est

76 3877 134 3930 enim
157 3886 183 3936 iu
201 3884 298 3937 Graeco
323 3880 461 3950 παρᾶγεται.
506 3880 536 3950 9)
562 3884 604 3936 dei
621 3881 653 3933 ab
671 3896 692 3932 r.
710 3895 743 3931 m.
762 3893 836 3945 supra
861 3875 974 3926 additum
999 3882 1038 3926 eat
1056 3875 1081 3925 iu

75 3957 117 4015 Mu.
145 3966 207 4023 Deiin
219 3971 261 4037 W,
274 3978 390 4039 quattuor
401 3966 456 4020 Vat.
470 3966 510 4018 tto
525 3967 585 4019 οιΑ
599 3966 720 4019 exhibent
732 3967 850 4034 manabit.
881 3960 953 4024 Quae
965 3963 1079 4028 proxime

75 4060 203 4118 sequantur
220 4057 313 4112 verba:
333 4058 458 4128 quomodo
476 4065 501 4110 ct
519 4057 584 4110 douc
601 4063 688 4108 moreat
705 4056 733 4106 in
751 4060 885 4106 camum
903 4064 953 4101 cm.
965 4047 989 4099 Α
1001 4047 1080 4100 ethic
