2872 4806
597 399 640 466 29

114 574 178 622 cern
198 555 374 640 promittunt
395 555 506 622 inimici
529 557 682 627 fratrum?
706 579 784 642 quae
807 559 951 628 sacrificia
975 559 1129 628 celebrare

111 689 147 734 se
163 669 289 734 credunt
305 671 413 736 aemuli
436 672 655 736 sacerdotum?
679 691 782 736 secum
799 693 868 738 esse
884 675 1041 756 Christum,
1063 697 1129 740 oum

109 784 231 850 collecti
265 783 392 866 suerint,
433 786 590 868 opinantur
624 787 674 867 qui
709 795 795 852 extra
829 789 937 854 Christi
972 791 1129 854 ecclesiam

108 897 318 984 colliguntur?

581 1097 660 1164 ΧΠ.

88 1257 100 1298 ⁵
141 1209 149 1224 ¹
199 1238 287 1302 Tales
312 1240 398 1302 etiam
421 1241 448 1302 si
464 1241 557 1303 occisi
579 1242 610 1304 in
625 1239 818 1305 confessione
834 1242 961 1306 nominis
973 1241 996 1320 ¹)
1012 1242 1132 1324 inerint,

113 1353 227 1416 macula
253 1353 309 1416 ista
333 1372 389 1417 nec
411 1356 558 1437 sanguine
588 1356 725 1418 abluitur.
769 1356 957 1438 lnexpiabilis
979 1362 1009 1420 et
1029 1359 1131 1441 gravis

113 1467 200 1549 culpa
224 1465 391 1531 discordiae
404 1465 431 1544 π)
456 1487 512 1530 nec
535 1467 675 1550 passione
698 1475 853 1553 purgatur.
891 1468 967 1533 Esse
985 1477 1097 1554 martyr
1123 1464 1128 1556 Ι

36 1661 39 1670 k
113 1601 175 1645 non
201 1588 300 1664 potest
322 1582 373 1663 qui
396 1583 424 1645 in
449 1583 575 1644 ecclesia
585 1579 611 1660 ³)
636 1601 696 1646 non
720 1589 781 1662 est,
809 1583 845 1646 ad
869 1603 994 1668 regnum
1017 1598 1183 1667 pesve-tas

111 1698 177 1759 nire
193 1713 253 1758 non
277 1697 387 1777 poterit
402 1697 453 1777 qui
469 1715 543 1775 eant,
567 1716 643 1779 qnae
665 1704 826 1784 regnatura
848 1705 903 1778 est,
920 1698 1078 1780 dereliquit
1093 1695 1129 1778 4).

76 1810 218 1872 rol'acem
242 1811 327 1872 nobis
351 1810 485 1874 Christus
509 1810 589 1874 dedit
605 1809 646 1891 ⁵),
670 1812 840 1876 concordes
864 1821 953 1894 atque
977 1813 1131 1878 unanimes

112 1942 183 1987 esse
214 1925 385 2006 praecepit,
422 1925 587 1990 dilectionis
616 1921 687 2004 et⁶t
718 1927 847 1990 caritatis
876 1925 999 1990 foedera
1026 1928 1131 1991 incor-

112 2046 197 2121 rupta
230 2046 319 2121 atque
344 2040 480 2124 inviolata
512 2039 668 2104 mandavit.
713 2041 864 2105 Exhibere
885 2060 919 2104 se
947 2059 1008 2106 non
1031 2049 1132 2123 potest

111 2161 274 2235 martyrem
305 2153 355 2232 qui
379 2150 537 2215 fraternam
572 2170 632 2216 non
663 2154 757 2216 tenuit
784 2155 935 2216 caritatem
953 2149 990 2230 Ἰ).
1037 2155 1131 2217 Docet

111 2269 171 2332 boc
203 2273 234 2329 et
264 2261 486 2343 contestatur⁸)
517 2266 625 2330 Paulus
655 2268 809 2350 apostolus
842 2266 946 2330 dicens
956 2263 1007 2352 9);
1041 2269 1138 2332 Etsi

70 2403 95 2445 ss
109 2381 247 2445 bebcero
267 2381 357 2462 fidem
371 2382 426 2458 ito,
449 2388 484 2444 et
499 2389 614 2444 montes
633 2383 830 2462 nonsfercm,
853 2385 1011 2446 ceritatem
1031 2391 1132 2446 autem

110 2515 175 2560 nort
188 2495 326 2572 tatem,
345 2495 423 2557 nibil
433 2515 517 2570 sarm;
537 2503 566 2558 et
581 2491 659 2573 sim)
679 2497 713 2558 in
728 2496 813 2559 cibos
828 2496 1013 2560 distribuero
1029 2499 1132 2560 omnic

184 2685 237 2740 ΧΠ,
265 2686 293 2750 1)
312 2684 379 2736 Ante
396 2689 516 2740 stominir'
533 2687 557 2736 in
577 2684 617 2736 ttb
636 2701 656 2738 r.
676 2703 708 2736 nr.
728 2688 907 2755 superscripsit
925 2690 1041 2752 Christi,
1063 2685 1131 2756 quod

110 2773 207 2843 legitor
231 2774 306 2824 etiam
326 2773 351 2822 in
370 2771 411 2822 ed.
430 2769 550 2824 Dauentr.
586 2770 647 2823 Tum
665 2777 833 2842 praefirmat
850 2773 927 2826 babet
945 2778 975 2826 A.
1021 2773 1050 2836 2)
1069 2777 1131 2829 dis-

444 2862 486 2912 dei
799 2891 802 2898 »
1097 2875 1102 2900 ¹

110 2936 204 2987 cordia
217 2930 266 2982 tto.
301 2930 330 2996 3)
350 2933 463 2984 scrinia
482 2933 536 2995 (dei
553 2930 585 2982 ab
604 2947 624 2982 r.
643 2947 676 2982 m.
692 2933 832 2999 superior.)
846 2931 896 2984 tlh.
928 2931 986 2984 Mox
1003 2941 1089 3000 potest
1100 2931 1132 2983 Α.

109 3021 140 3088 4)
149 3019 230 3072 ttaw.
237 3017 273 3070 tta
283 3026 310 3070 et
318 3017 368 3084 lic,
377 3017 446 3086 vulp.
456 3021 619 3087 derelinquit.
638 3018 667 3083 5)
679 3020 776 3072 Pacem
787 3022 912 3074 canatur
921 3022 997 3073 nobis
1006 3021 1075 3072 dedit
1082 3018 1131 3070 tlt.

109 3109 140 3172 6)
154 3118 232 3176 atque
240 3105 282 3157 tto
294 3113 321 3156 et
330 3107 364 3157 A:
389 3103 507 3157 Proxime
518 3113 575 3156 ante
585 3110 709 3160 mstsdsto
719 3106 860 3158 delevimus
869 3109 987 3169 seruari,
1000 3104 1067 3173 quod
1081 3120 1131 3156 orn.

109 3206 163 3250 tres
173 3195 233 3246 Ver.
244 3193 284 3245 W.
294 3193 359 3245 biab.
370 3193 405 3246 Ba
416 3203 442 3245 et
450 3193 482 3244 tt.
492 3201 518 3245 et
528 3193 566 3244 Mc
578 3210 592 3245 a
605 3210 626 3246 r.
640 3199 762 3261 m.'supra
774 3193 818 3246 lin.
831 3192 917 3246 babet.
945 3191 1044 3246 Verba:
1064 3195 1131 3246 itior-

110 3287 199 3339 bilers
209 3300 239 3336 se
247 3299 300 3335 nors
307 3290 394 3348 potest
403 3291 556 3349 ntur-lyrein,
568 3283 749 3348 quisnam
758 3289 825 3334 tenet
834 3282 919 3346 ecrit,
934 3287 1022 3346 utpote
1031 3281 1055 3330 in
1066 3293 1131 3332 eon-

112 3380 182 3424 textn
200 3370 302 3432 omissa,
321 3369 345 3418 in
365 3367 456 3419 eodem
475 3367 538 3419 libro
556 3383 576 3418 r.
591 3383 623 3419 m.
643 3367 675 3418 sd
688 3381 765 3434 marg.
779 3364 880 3418 adiecit.
911 3369 970 3420 Non
986 3371 1134 3436 fratemam

112 3459 202 3512 scribit
220 3455 267 3508 lib.
304 3455 413 3523 Negatio
432 3454 527 3505 excidit
546 3455 571 3504 in
591 3453 622 3508 A.
660 3451 727 3504 Dein
744 3455 870 3506 sanitatem
889 3450 1029 3519 (superscr.
1048 3455 1082 3506 ol.
1101 3451 1133 3503 ab

112 3563 132 3600 r.
152 3547 216 3616 nn),
241 3545 273 3596 in‘
291 3560 340 3612 mg.
367 3542 399 3594 ab
424 3541 456 3593 al.
476 3558 496 3594 r.
515 3558 547 3594 nt.
567 3545 704 3596 caritatem
723 3539 770 3590 Mc.
812 3538 840 3604 8)
866 3549 979 3605 tutatur·
1005 3537 1035 3592 Α.
1072 3538 1134 3592 Turn

113 3636 250 3704 apostolus
272 3634 375 3686 Persius
395 3629 445 3682 Mb.
487 3629 515 3694 9)
535 3630 557 3682 i.
578 3627 636 3681 Cor.
658 3628 703 3693 13,
722 3627 799 3680 2-8.
844 3627 888 3690 10)
914 3631 941 3680 si
967 3627 1040 3678 deest
1058 3628 1084 3679 in
1102 3629 1133 3680 A.

114 3721 205 3774 Statim
231 3723 261 3773 in
288 3721 356 3774 cilis
380 3716 482 3768 exbibet
505 3715 554 3768 blb.
597 3715 669 3778 Quod
695 3715 762 3783 vulg.
787 3713 889 3768 additur
911 3732 1059 3783 pauperum
1082 3730 1145 3766 oms

114 3816 233 3876 quettmr
252 3804 310 3858 Ver.
330 3804 369 3856 W.
388 3804 453 3856 ttat.
476 3802 515 3856 Ba
539 3811 565 3856 et
590 3804 644 3871 ipse
669 3803 761 3856 Noster
784 3801 812 3854 b.
831 3801 872 3852 111.
891 3817 913 3852 c.
933 3801 957 3851 3,
976 3818 1001 3869 p.
1021 3788 1080 3855 30⁴4.
1100 3801 1133 3853 ad

116 3892 225 3957 Qnirin.;
238 3894 349 3960 itemque
358 3890 413 3947 eod.
424 3889 578 3944 Claromont.
598 3890 682 3954 Quare
692 3891 864 3957 expunximus.
882 3886 931 3940 Pro
941 3888 1133 3943 distribueroin

116 3979 153 4032 Bb
163 3979 260 4060 etcod.
268 3977 471 4032 Olaromonaest
479 3980 606 4034 divisero.
625 3975 856 4032 Deinrrssaomb
875 3975 1135 4030 bloxitasstardsm
