2874 4806
777 430 841 494 100

298 588 387 653 desse
410 586 489 670 quod
512 588 652 667 sumitur,
683 587 801 669 quondo
830 588 927 672 gretie
955 585 1091 650 saluteris
1120 587 1151 648 in
1176 585 1305 649 cinerem

296 703 452 766 sanctitate
474 699 609 784 fugiente
624 694 653 778 ⁸)
675 707 813 766 mutetur.
858 702 952 777 Quem
974 701 1057 764 multi
1078 699 1186 764 cotidie
1202 695 1229 776 ⁹)
1257 700 1305 761 in-

293 815 410 879 mundis
431 815 583 896 spiritiltus
605 813 808 897 ulinplentur‚
832 835 921 898 qnnm
941 814 1023 879 multi
1044 833 1140 897 usque
1162 813 1199 876 sd
1221 815 1305 876 inse-

292 929 371 991 niem
393 929 500 991 mentis
522 927 671 992 excordes
695 927 863 993 dementiae
885 928 990 993 furore
1012 929 1208 1010 quatiuntur?
1239 928 1307 990 lieo

266 1061 420 1116 successe
442 1049 489 1105 est
510 1044 555 1104 ire
576 1061 632 1124 per
654 1045 752 1105 exitus
770 1039 811 1120 ¹⁰)
833 1044 1037 1128 singulorum,
1059 1061 1126 1106 cum
1147 1061 1203 1126 per
1225 1042 1306 1106 orbis

291 1156 485 1220 multiformes
507 1157 610 1220 ruinas
632 1163 689 1219 tum
712 1157 888 1220 delictorum
911 1174 1010 1239 poene
1031 1157 1070 1219 sit
1091 1157 1190 1236 vens,
1220 1173 1307 1237 quem

292 1271 523 1352 delinquentium
545 1269 700 1333 multitudo
723 1287 891 1334 numerose.
936 1269 1147 1349 Unusquisque
1166 1265 1204 1345 ¹¹)
1228 1287 1307 1352 con-

290 1383 428 1462 sideret„
447 1399 510 1446 non
532 1381 603 1463 quid
625 1381 699 1444 alius
723 1399 828 1463 passus
850 1383 905 1460 sit,
935 1381 991 1445 sed
1013 1380 1084 1463 quid
1106 1383 1166 1463 peti
1189 1389 1221 1445 et
1241 1383 1307 1465 ipse

290 1503 455 1576 mereatur,
476 1515 535 1561 neo
557 1497 693 1559 evasisse
715 1513 750 1560 se
772 1495 891 1574 credet,
922 1497 949 1558 si
978 1514 1046 1559 eum
1068 1497 1186 1560 interim
1207 1513 1307 1580 poeno

250 1638 277 1681 to
290 1613 455 1693 distulerit,
487 1583 564 1676 cum·
575 1613 681 1676 timere
702 1611 769 1694 plus
793 1610 918 1691 delicet,
941 1630 1029 1694 quem
1053 1611 1111 1675 sibi
1131 1610 1181 1676 dei
1201 1611 1307 1676 iudicis
1420 1639 1421 1642 ¹

214 1703 218 1712 ¹
287 1730 332 1792 ire
353 1727 495 1792 servavit
1013 1737 1021 1748 ·

739 1925 856 1993 XXII.

374 2067 438 2130 Nec
460 2066 534 2146 sibi,
557 2037 736 2149 quominus
759 2074 851 2152 egem
874 2067 1094 2150 paenitentiam,
1116 2067 1306 2133 condantur

357 2267 387 2336 8)
398 2278 491 2323 emicto
504 2267 558 2336 (pr.
567 2268 702 2332 emotum)
714 2269 830 2336 ,isqieete
843 2265 899 2319 cod.
908 2265 1023 2335 Segnior.
1047 2266 1113 2321 Dein
1123 2279 1243 2324 notatur
1252 2268 1305 2322 Βι-

286 2361 335 2412 lun.
348 2357 475 2411 etiloldh.
510 2356 539 2422 9)
557 2356 594 2408 lte
607 2355 648 2407 W.
661 2353 730 2408 llbd.
753 2353 789 2406 Bu
809 2363 836 2406 et
853 2355 912 2408 edd.
925 2353 970 2408 st.
982 2355 1075 2410 venet.
1087 2355 1112 2409 1.
1126 2365 1152 2408 et
1169 2355 1306 2423 Dareum,

286 2449 389 2500 cottidie
399 2445 447 2497 tta,
456 2443 505 2511 Bb,
519 2447 643 2514 quottidie
656 2441 696 2494 lllc
705 2459 727 2494 c.
741 2441 800 2494 edd.
810 2443 900 2495 Venet.
913 2442 1178 2510 citramontanis,
1191 2449 1308 2515 quotidie

284 2533 353 2587 Aet
370 2532 489 2602 vulgares
506 2531 572 2583 libri.
608 2528 680 2592 Quae
705 2532 729 2581 iu
747 2529 808 2582 edd.
829 2529 923 2583 llenut
941 2538 968 2582 ct
991 2531 1155 2602 sequentibus
1178 2531 1308 2600 adduntur

285 2621 366 2675 verba
380 2623 565 2691 poesitmtiom
581 2635 634 2671 eoo
651 2628 767 2687 1911111,
787 2635 835 2671 sec
853 2621 943 2672 delicti
960 2623 1007 2674 eui
1024 2623 1214 2676 coeecimtian
1235 2639 1305 2676 eost-

285 2716 385 2778 fiteotes
408 2707 500 2759 obsunt
523 2705 595 2759 sW.
614 2705 713 2758 lleltcd.
732 2703 777 2756 Bu.
796 2703 877 2774 licen.
896 2705 912 2756 2
937 2714 964 2757 et
987 2706 1118 2760 sexdecim
1135 2706 1222 2760 Belus.
1259 2709 1306 2761 11-

287 2797 423 2848 veniuntur
446 2795 472 2845 in
496 2794 594 2846 duobus
621 2801 717 2844 tentum
742 2810 775 2844 ex
798 2795 891 2844 nostris
916 2793 991 2844 codd.
1010 2801 1038 2846 et
1059 2794 1140 2847 tribus
1163 2797 1307 2866 antiquiss
1356 2855 1361 2865 ,

287 2881 390 2934 Belunio
409 2881 517 2946 collutis,
535 2896 618 2950 neque
637 2882 738 2932 omuino
757 2881 901 2933 necessarie
919 2889 991 2946 sont,
1010 2883 1032 2933 si
1050 2884 1170 2950 respicies
1187 2886 1306 2952 proxime

286 2969 472 3021 antecedentia.
507 2967 546 3020 Ee
563 2968 661 3020 idcirco
680 2967 832 3020 eliminanda
850 2985 908 3020 esse
926 2983 977 3020 non
1000 2969 1121 3023 dubitevi
1157 2971 1247 3024 Statim
1273 2979 1305 3029 el

288 3058 324 3123 (in
343 3057 406 3124 rus.)
423 3058 559 3110 immundis
582 3059 724 3126 spiritibus
747 3054 797 3110 lib.
832 3053 894 3107 Post
912 3071 975 3108 vero
1000 3061 1031 3111 el
1058 3057 1182 3111 subducte
1206 3059 1306 3114 lineola

287 3145 431 3211 insignitum
450 3149 496 3193 est.
527 3140 587 3194 llos
604 3144 629 3193 in
647 3143 740 3194 eodem
758 3141 824 3194 libro
843 3143 910 3194 mele
922 3143 1041 3196 scribitur
1053 3164 1131 3215 waes
1142 3150 1221 3201 multi
1231 3151 1304 3203 coti-

287 3234 328 3286 die
338 3247 432 3300 oeque,
443 3231 504 3282 item
516 3229 607 3282 deinde
623 3233 763 3285 clemencie
776 3232 803 3282 iu
815 3230 846 3283 tt.
880 3230 925 3297 10)
937 3250 986 3301 per
997 3236 1101 3287 1111111
1111 3231 1157 3284 Bb.
1187 3232 1305 3307 Prouime

286 3321 363 3372 ordis
380 3315 437 3381 tlt»,
462 3321 539 3372 ories
555 3316 595 3383 Α,
614 3323 701 3374 oriem
719 3316 763 3370 Bu.
800 3317 940 3373 Admisere
964 3336 1013 3372 orn.
1032 3320 1064 3372 Α.
1097 3319 1147 3372 Pro
1163 3321 1249 3376 sarto
1261 3322 1305 3374 ttd

286 3403 363 3456 habet
385 3408 481 3458 roario
504 3407 576 3470 (sic).
620 3406 824 3477 miliumque,
852 3406 944 3459 deinde
968 3412 1025 3478 quit
1047 3424 1086 3476 pr.
1105 3405 1154 3472 W3
1180 3412 1247 3479 qood
1270 3408 1303 3463 Α.

286 3491 344 3543 lior
362 3495 424 3561 quia
438 3496 496 3564 poti
512 3493 566 3557 itm
591 3498 649 3564 ipre
669 3498 725 3565 poti
744 3495 794 3546 Mb.
829 3493 897 3548 lnirtt
917 3499 1058 3551 distulerat
1074 3492 1123 3546 ilc.
1160 3494 1222 3547 Tum
1238 3499 1304 3562 pios

287 3582 378 3633 timere
394 3579 435 3632 W.
478 3580 565 3633 Stetim
592 3599 666 3651 quem
683 3581 723 3634 W.
741 3581 824 3635 llecd.
849 3581 998 3636 11111
1022 3585 1048 3634 in
1071 3598 1121 3634 res.
1140 3582 1198 3648 llb,
1225 3600 1302 3653 qoam

287 3680 319 3716 ex
335 3680 386 3716 uno
405 3665 461 3717 cod.
480 3667 600 3720 Remcnsi
617 3667 642 3720 S.
661 3668 777 3735 Dionysii
796 3668 922 3736 Boionius,
941 3686 1016 3739 quem
1033 3677 1135 3722 secutus
1154 3677 1193 3721 est
1210 3667 1301 3722 Goldlt.

285 3751 335 3804 Pro
353 3757 395 3807 dei
411 3752 435 3805 Α
452 3757 559 3809 domini.
589 3755 735 3808 lectionem
752 3761 795 3811 ira
812 3773 859 3828 pro
876 3758 945 3827 vulg.
965 3775 1080 3814 cmo
1097 3773 1113 3809 e
1130 3755 1221 3825 viginti
1236 3762 1301 3807 vett.

286 3837 357 3890 libris
374 3842 425 3892 suis
444 3850 471 3892 et
488 3850 547 3894 octo
564 3841 638 3912 Angl.
660 3859 674 3895 e
692 3842 796 3897 Beluzio
814 3855 945 3914 receptum
963 3846 1110 3897 confirment
1127 3845 1208 3896 nostri
1224 3841 1300 3895 codd.

287 3941 374 3992 omues
392 3929 503 3998 itemque
521 3930 580 3982 Ver.
600 3931 625 3983 2.
663 3931 738 3996 Quod
759 3933 923 4002 subsequitur
946 3938 1066 3988 semovit
1090 3933 1115 3984 in
1133 3930 1175 3985 lib
1200 3938 1300 3984 euenum

287 4021 327 4066 est
344 4029 360 4066 e
377 4026 509 4071 ememor.
566 4065 568 4070 .
