2874 4806
569 440 631 507 10⁷

477 695 482 708 ·
545 683 649 754 XXV.

169 830 219 894 An
245 830 294 893 illo
313 828 339 908 ¹)
362 829 539 912 ingemescit
569 834 598 891 et
628 826 756 912 plangit,
787 827 834 891 cui
866 833 967 908 vacat,
998 826 1106 890 cultum

82 946 239 1026 pretiosae
264 945 373 1007 vestris
396 944 539 1022 induere,
571 961 628 1006 nec
650 941 850 1006 indumentum
874 941 994 1021 Christi,
1028 941 1108 1023 quod

82 1057 221 1140 perdidit,
248 1060 394 1141 cogitare,
418 1060 557 1141 accipere
579 1059 712 1139 pretiosa
738 1065 911 1120 ornamenta
934 1063 964 1119 el
988 1058 1107 1121 mouille

81 1172 233 1251 laborata,
268 1189 326 1235 nec
357 1172 446 1236 divini
477 1179 506 1236 et
533 1171 670 1237 caelestis
694 1177 817 1236 ornatus
841 1170 945 1234 darnna
969 1167 1107 1234 dedere?

61 1286 125 1348 tto
151 1285 228 1348 licet
261 1285 429 1350 indumenta
458 1287 620 1370 peregriua
652 1293 683 1350 el
717 1294 819 1350 vestes
848 1287 960 1349 sericas
992 1261 1107 1365 induas,

81 1396 158 1460 nuda
183 1415 229 1461 es.
277 1398 361 1462 Auro
384 1405 415 1462 te
436 1397 508 1462 licet
530 1404 560 1462 el
582 1397 753 1480 margaritis
775 1397 961 1482 gemmisque
990 1397 1108 1463 conde·
1219 1383 1224 1394 ’

84 1527 185 1590 cores,
210 1512 282 1576 sine
304 1511 411 1576 Christi
435 1511 548 1578 decore
572 1511 716 1576 deformis
740 1529 782 1575 es.
826 1509 863 1575 Et
885 1530 963 1595 quae
985 1512 1108 1597 capillos

82 1627 148 1686 tuos
171 1621 290 1703 inticis,
321 1626 370 1689 vel
393 1645 471 1691 nunc
494 1628 524 1691 in
547 1627 700 1691 doloribus
725 1626 846 1708 desine,
878 1633 907 1690 et
930 1644 1008 1710 quae
1029 1628 1108 1712 nigri

84 1736 217 1817 pulveris
243 1736 374 1818 ductu²l
397 1742 553 1806 oculorum
576 1741 747 1808 liniomenla
770 1740 927 1825 depingis,
957 1740 1006 1803 vel
1029 1759 1108 1805 nunc

55 1847 211 1915 alacrimis
237 1853 346 1918 oculos
365 1862 435 1920 tuos
460 1840 555 1922 ablue.
595 1857 733 1939 siquem
756 1855 794 1919 de
817 1855 876 1919 tuis
898 1873 999 1919 carurn
1021 1873 1107 1918 mor·

84 1963 201 2029 talitatis
219 1970 305 2033 exilu
318 1965 345 2049 ³)
367 1971 562 2052 perdidisses,
586 1973 810 2056 ingemesceres
838 1969 974 2034 dolenter
997 1974 1026 2033 et
1048 1967 1107 2034 fle-

85 2095 150 2159 res,
174 2080 255 2147 facie
277 2084 405 2166 inculta,
433 2092 668 2166 nesteronem,
697 2086 838 2168 neglecto
868 2085 993 2168 capillo,
1023 2085 1106 2150 nullu

85 2194 196 2275 nubilo,
219 2215 277 2261 ore
300 2197 416 2263 deiecto
439 2197 546 2265 indicia
567 2200 712 2265 maeroris
737 2197 924 2284 ostenderes.
969 2183 1104 2264 Animum

86 2312 169 2390 luam,
194 2313 306 2377 misera
322 2311 360 2396 ⁴),
383 2315 554 2398 perdidisti,
578 2314 750 2399 spiritaliter
772 2319 888 2378 mortua
908 2315 1103 2397 supervivere

57 2421 133 2486 utne
154 2427 207 2489 tibi
231 2427 348 2511 etipsa
371 2428 523 2493 ambulans
546 2428 634 2492 lunus
656 2435 738 2492 tuum
760 2433 881 2510 portare
904 2427 1027 2508 coepisti
1035 2447 1045 2505 ;
1074 2434 1104 2491 et
1174 2499 1177 2510 ,

86 2555 142 2601 non
167 2543 280 2605 acriter
301 2543 435 2627 plangis,
462 2561 522 2606 non
552 2543 664 2626 iugiter
691 2542 889 2625 ingemescis,
919 2557 980 2604 non
1003 2541 1105 2605 level

87 2652 198 2733 pudore
222 2655 355 2719 criminis
379 2655 428 2718 vel
451 2654 675 2718 continuatione
698 2653 914 2717 lamentationis
937 2651 1102 2717 abscondis.

96 2819 295 2836 m

153 2911 230 2968 XXV.
262 2912 288 2980 l)
312 2915 378 2967 Ante
402 2915 451 2968 illc
476 2911 507 2964 Α.
552 2909 681 2979 Deinceps
705 2915 860 2983 inpemeseil
880 2911 921 2964 W.
945 2909 987 2963 tib
1014 2919 1041 2964 et
1067 2927 1105 2979 pr.

89 2995 132 3051 lla.
167 3000 243 3070 Vulg.
269 3003 426 3071 inpemiecit.
468 2999 510 3052 Md
534 3004 694 3070 irrpcmiceet.
740 2997 812 3052 Coul.
838 3001 932 3052 Adnot.
957 3000 989 3050 ad
1014 2997 1106 3050 librum

89 3083 119 3135 de
142 3087 234 3140 cathol.
255 3088 317 3140 eccl.
336 3089 398 3140 unit.
418 3085 480 3156 Cap.
499 3087 582 3141 llVlll.
601 3105 638 3141 nr.
657 3089 681 3141 5.
718 3088 797 3142 Abest
822 3093 890 3160 qood
913 3096 971 3140 anto
992 3089 1107 3157 perdidit

90 3172 168 3226 ollld.
205 3175 232 3228 ln
254 3191 325 3245 seqq.
343 3191 390 3243 pro
414 3180 547 3230 elaborata
572 3176 658 3244 recepi
683 3178 802 3230 tolorcta
826 3190 858 3227 ex
882 3173 958 3226 codd.
978 3173 1018 3226 W.
1038 3170 1104 3224 Mac.
1156 3167 1159 3178 ’

90 3253 131 3311 Db.
149 3260 179 3313 A.
216 3262 274 3314 Vid.
293 3261 433 3316 Gronov.
451 3262 467 3316 l.
487 3280 509 3316 c.
526 3280 551 3332 p.
572 3263 631 3314 oto.
652 3253 837 3316 -'noma'oatc
855 3261 942 3314 scribit
956 3259 1004 3312 llb.
1037 3258 1102 3310 Deio

91 3362 119 3396 oc
141 3351 265 3403 caelestis
289 3347 334 3403 Ba.
378 3350 408 3414 2)
435 3353 480 3422 qui
502 3354 575 3422 cipri
598 3351 723 3420 pulveris
747 3352 856 3403 inductu
879 3349 918 3414 Α,
944 3351 1021 3418 niqra
1043 3346 1103 3398 Ver.

91 3427 127 3484 W.
150 3434 196 3487 lllu.
223 3434 266 3489 Da.
313 3435 374 3490 Tum
398 3441 554 3492 lineamento
580 3438 617 3502 Α,
654 3453 763 3506 moxque
796 3439 919 3491 lacrumis
951 3440 1007 3490 tute
1038 3434 1104 3486 idern

91 3516 157 3574 liber.
199 3524 228 3590 3)
253 3523 395 3580 exiturnd
420 3531 446 3576 et
465 3541 502 3594 pr.
522 3523 571 3577 llb.
609 3524 739 3594 Deinceps
762 3528 923 3596 perdidisset
949 3521 1000 3575 tio.
1043 3520 1105 3574 Tum

91 3677 276 3746 inqemeeceree
298 3681 332 3732 W
354 3689 380 3732 et
407 3681 459 3745 lla,
487 3631 679 3764 inpeneteeercc
707 3680 756 3734 tib.
803 3681 878 3748 llule.
906 3684 1104 3752 inpemieceree.

93 3759 146 3817 lion
163 3788 178 3820 c
195 3773 266 3833 [acie
284 3768 314 3822 A.
350 3769 430 3821 Deest
447 3771 561 3839 neplecto
580 3771 603 3820 ln
624 3768 724 3823 eodeni.
760 3768 790 3836 4)
809 3771 928 3823 Artintum
953 3778 1025 3822 rreum
1049 3770 1104 3820 rni-

93 3865 176 3906 cerum
195 3855 233 3907 lllc
252 3864 278 3907 et
295 3857 326 3909 Α
362 3855 424 3906 Turn
443 3859 622 3925 spiritualiter·
641 3855 704 3908 lllcd.
735 3855 813 3908 Paulo
832 3865 889 3924 post
907 3855 1007 3925 ipsud.
1039 3853 1104 3906 Deio

96 3943 209 3998 omniurn
226 3945 259 3995 W
283 3954 308 3997 et
333 3943 384 4008 Ba,
412 3947 518 3998 omdulc
541 3941 589 3996 tta.
631 3943 658 3996 lo
683 3961 754 4013 seqq.
777 3947 936 4016 inqenrcece'e
954 3942 985 3995 W
1005 3951 1031 3998 et
1054 3941 1103 4010 llo,

95 4022 241 4100 iopcmiecir
258 4031 313 4090 rell.
332 4049 354 4090 c.
374 4032 457 4086 edilis.
493 4031 609 4110 Proxinc
629 4041 653 4087 te
670 4047 721 4090 ocu.
739 4031 788 4090 lle.
