2872 4806
797 439 841 507 tt

299 587 381 654 dere
402 609 438 654 se
465 593 592 658 credunt
621 596 671 678 qui
698 599 799 684 potius
830 601 1041 688 possidentur,
1072 628 1182 676 census
1205 609 1245 691 ¹⁵)
1278 616 1327 679 sui

306 703 404 781 servi,
437 722 496 768 uec
532 705 569 769 ad
606 711 762 791 pecuniam
799 712 928 796 domini,
963 718 1017 784 sed
1051 725 1146 808 magis
1177 730 1326 811 pecuniae

306 816 471 900 mancipati.

795 1027 838 1094 X.

394 1159 460 1224 Hoc
482 1167 607 1244 tempus,
630 1162 686 1228 bos
705 1164 842 1232 homines
857 1173 1012 1253 apostolus
1027 1175 1150 1242 denotet
1165 1179 1325 1271 dicens¹):

279 1287 292 1330 u
309 1273 369 1351 Qui
390 1285 491 1340 antem
512 1279 620 1342 colant
638 1280 749 1344 divites
768 1285 855 1364 fieri,
880 1289 1021 1354 incidant
1041 1294 1075 1356 in
1102 1300 1326 1376 temptationem

305 1396 336 1452 et
356 1392 557 1470 muscipulam
574 1389 601 1470 2)
632 1403 662 1457 et
689 1397 845 1462 desiderio
871 1403 967 1466 malta
998 1412 1028 1468 et
1048 1411 1211 1490 nocentia,
1246 1432 1325 1494 qaae

303 1511 444 1586 merpunt
463 1506 612 1572 bominem
634 1511 668 1572 in
685 1513 891 1592 perditionem
915 1526 945 1581 et
965 1521 999 1582 in
1013 1523 1178 1588 interitum.
1217 1525 1326 1589 Badio

306 1619 386 1682 enim
402 1614 429 1698 ³)
459 1621 590 1684 omnium
617 1624 766 1688 mulorum
799 1635 845 1690 est
873 1631 1049 1711 cupiditas,
1082 1653 1173 1716 paam
1201 1639 1325 1720 qnidam

303 1837 479 1904 superscripsit
490 1841 539 1891 eet.
570 1839 628 1891 blox
641 1840 681 1891 ed.
695 1840 816 1895 Deventr.
831 1843 906 1896 babet
922 1861 1127 1917 preponantur.
1166 1854 1210 1918 15)
1231 1859 1325 1910 cenent

305 1923 363 1989 (eat
375 1941 390 1975 a
402 1941 422 1978 r.
435 1941 466 1980 m.
480 1928 525 1979 int.
535 1942 559 1979 v.
570 1927 669 1995 addito)
684 1929 730 1982 blo.
763 1930 820 1982 Mox
831 1950 879 1986 nec
892 1937 926 1988 ad
934 1941 1074 2005 pecaniam
1085 1955 1133 2007 pro
1146 1940 1215 2012 vulg.
1229 1961 1279 1997 nec
1292 1947 1325 1996 ad

301 2015 440 2080 pecuniam
456 2032 536 2069 enam
552 2018 639 2086 recepi
653 2033 684 2070 ex
695 2017 770 2069 codd.
783 2017 841 2072 Ver.
855 2020 894 2074 W.
907 2021 955 2075 blo.
969 2023 1050 2094 Nenp.
1064 2034 1091 2078 et
1104 2028 1203 2082 duobus
1215 2045 1229 2080 a
1243 2029 1323 2082 Bolu-

302 2103 343 2153 sio
362 2099 489 2167 excussis3
507 2121 556 2157 nee
572 2110 703 2174 pecuniae
720 2124 787 2160 cuae
798 2106 892 2160 hebent
905 2112 1014 2180 quinque
1027 2113 1086 2166 libri
1098 2125 1159 2168 vett.
1173 2133 1214 2185 ep.
1227 2117 1324 2183 Bnlun„

302 2207 350 2243 meo
366 2193 400 2244 ad
415 2196 558 2259 pecuniam
577 2196 623 2247 eui
642 2197 741 2248 domimi
758 2193 808 2246 Md.
841 2193 901 2247 Turn
919 2202 975 2267 ipsi
990 2205 1081 2269 potine
1100 2220 1147 2271 pro
1166 2209 1254 2276 mopie
1274 2205 1324 2256 duo

303 2276 338 2329 illi
355 2293 370 2329 u
389 2277 491 2331 baluzio
510 2281 586 2331 citati.
622 2279 741 2332 Ceterum
760 2286 794 2336 ad
812 2287 964 2338 correctoris
982 2291 1066 2342 manui
1085 2289 1162 2343 debet
1179 2291 1219 2344 W.
1258 2292 1323 2345 Dein

303 2361 339 2417 Ba
357 2381 492 2434 perperam
511 2369 598 2420 scribit
616 2375 782 2439 municipalis.

373 2455 404 2507 X.
435 2456 463 2525 1)
485 2459 541 2510 Hoc
564 2468 666 2526 tempas
691 2463 739 2513 boo
765 2464 853 2516 docuit
875 2469 994 2520 domines
1019 2469 1157 2536 apostolus
1182 2471 1275 2524 dicens
1292 2473 1322 2521 Α.

303 2542 366 2594 Vos.
386 2546 567 2612 apostolocin
586 2543 624 2598 Bb
644 2556 788 2614 corruptum
807 2551 831 2601 in
850 2557 1002 2622 apostolor,
1029 2569 1077 2605 uec
1102 2553 1176 2606 aliter
1200 2572 1214 2607 e
1234 2573 1267 2609 nr.
1286 2573 1323 2624 pr.

302 2631 414 2684 babebat
432 2631 482 2683 ttb.
518 2630 636 2698 Apostoli
655 2635 734 2688 verbe
752 2647 852 2706 sumptu
870 2649 929 2692 sunt
946 2657 978 2692 ex
998 2641 1020 2694 1.
1039 2641 1147 2694 Timotb.
1170 2642 1204 2708 6,
1228 2643 1323 2696 9-10.

304 2717 334 2786 2)
352 2729 376 2772 ct
390 2722 419 2770 in
432 2723 611 2788 muscipulam
629 2725 735 2790 dpololi
746 2723 779 2788 A,
798 2731 968 2795 muscipulae
982 2729 1045 2796 (non
1059 2732 1197 2797 praemisso
1210 2732 1248 2800 et)
1263 2732 1322 2783 edd.

302 2805 393 2860 Venet.
413 2807 437 2858 1.
457 2806 480 2857 2.
495 2806 575 2860 Kunn.
595 2807 731 2876 Rembolt.‚
749 2822 774 2866 et
791 2819 959 2885 muscipulae
974 2817 1014 2868 W.
1028 2818 1099 2870 Meed
1119 2819 1324 2885 conspirantibus

301 2893 358 2946 edd.
382 2892 426 2948 SP.
449 2893 570 2947 Durentr.
589 2895 685 2949 Eresm.
706 2897 779 2952 Grau.
816 2900 881 2953 Dein
906 2907 990 2958 multu
1017 2907 1124 2958 inutilia
1148 2917 1174 2958 et
1202 2909 1324 2960 nocentia

300 2978 436 3031 ediderunt
452 2979 546 3032 Pernel.
565 2980 659 3050 Rigalt.
679 2981 769 3050 Onon,
788 2987 899 3057 itemque
918 2987 1004 3042 Belus.
1025 2999 1051 3040 et
1071 2989 1160 3042 Goldb.
1198 2991 1250 3043 snt
1274 2995 1322 3046 irt-

299 3068 379 3120 mtilie
397 3081 449 3118 uon
469 3077 609 3135 agnoscunt
627 3069 701 3124 codd.
714 3071 753 3144 W.
770 3072 851 3126 Mncd.
869 3074 917 3128 Bu.
935 3066 978 3128 A.
998 3075 1070 3129 Coni.
1090 3076 1122 3129 de
1141 3086 1205 3132 oret.
1224 3078 1320 3132 domin.

301 3171 327 3222 p.
346 3154 412 3221 210,
433 3155 465 3206 de
484 3171 563 3222 opere
582 3165 608 3208 et
626 3157 747 3244 eleemos.
765 3177 790 3228 p.
811 3162 863 3213 240
882 3171 908 3214 et
926 3163 958 3214 ed
978 3165 1074 3228 Quiriu.
1093 3163 1134 3217 lll.
1153 3165 1194 3216 61.
1213 3181 1239 3232 p.
1258 3166 1318 3219 323.

301 3241 399 3294 Desunt
415 3242 494 3294 verbe
513 3247 619 3297 inutilia
638 3255 662 3298 et
679 3248 704 3297 in
717 3245 761 3299 Be.
793 3249 851 3300 blox
870 3248 911 3300 Μὰ
929 3249 1007 3303 babet
1024 3255 1154 3306 bominem
1172 3255 1200 3304 in
1221 3255 1321 3308 interi-

300 3337 356 3382 tam
374 3328 546 3395 (intermediis
564 3332 642 3400 om.);
668 3344 692 3387 et
716 3339 852 3390 interitum
869 3337 982 3406 scribunt
999 3337 1035 3390 Ba
1055 3346 1080 3390 et
1095 3337 1146 3402 blo,
1164 3338 1255 3407 quibus
1274 3355 1321 3390 ec-

301 3415 395 3467 cedunt
422 3415 478 3468 edd.
505 3417 596 3471 Venet.
625 3422 647 3474 1.
676 3423 700 3474 2.
727 3422 848 3475 Daventr.
878 3408 959 3477 liuns.
992 3425 1081 3478 Remb.
1114 3425 1212 3478 Eresrn.
1247 3424 1321 3478 Grau.

181 3561 192 3572 ,
301 3503 332 3566 3)
351 3507 421 3556 enim
441 3521 479 3571 pr.
499 3506 587 3558 aberet
605 3510 631 3558 in
650 3509 688 3562 W.
725 3511 824 3562 Deinde
844 3515 976 3582 cupiditas
995 3524 1036 3569 eet
1052 3513 1146 3582 legitur
1163 3515 1187 3564 in
1205 3512 1228 3564 Α
1246 3528 1321 3564 mox-

300 3606 350 3658 que
374 3592 400 3642 in
424 3592 516 3644 eodern
540 3594 604 3646 libro
629 3601 739 3666 quidem.
775 3598 891 3650 Proxime
916 3610 1091 3665 erraverunt,
1114 3601 1189 3670 *cuius
1212 3599 1280 3650 loco·
1294 3603 1320 3651 in

300 3676 358 3728 edd.
376 3677 470 3732 Manus.
489 3679 585 3738 Mosell.
603 3683 699 3736 Pumel.
719 3685 811 3754 Rigalt.
831 3695 857 3738 et
875 3685 955 3740 Onon.
976 3693 1319 3758 exstutmaufrapeammmt,

300 3765 370 3833 quod
389 3764 463 3820 Grev.
482 3771 507 3820 iu
526 3787 576 3840 urg.
594 3772 672 3824 hebet
689 3781 715 3824 et
733 3771 851 3827 Baluuius
872 3777 898 3826 in
917 3778 1027 3845 quinque
1047 3775 1105 3827 blss.
1124 3776 1233 3839 invenit,
1258 3771 1319 3826 bb

300 3860 403 3904 tuentur
416 3855 491 3907 codd.
504 3858 584 3910 nostri
598 3873 685 3910 omnes
699 3866 725 3910 et
737 3860 892 3928 undeviginti
903 3860 1042 3926 baluziani,
1061 3863 1172 3930 itemque
1185 3859 1243 3912 edd.
1256 3866 1319 3912 vett.

299 3939 436 4007 lieperitur
452 3951 537 3996 temen
554 3949 784 4016 naufropaoernnt
802 3967 819 4002 a
835 3952 884 4013 pte
902 3949 928 4000 in
947 3948 1004 4002 libr.
1017 3948 1050 3999 de
1068 3956 1132 4001 orat.
1150 3947 1318 4014 dominio,
1425 4019 1426 4040 Χ

301 4027 333 4080 de
358 4044 437 4097 opere
462 4039 488 4082 et
511 4031 634 4090 eleemos.
658 4032 675 4086 l.
700 4049 723 4087 c.
749 4042 775 4089 et
799 4035 830 4088 ed
858 4035 956 4102 Quirin.
982 4035 999 4090 l.
1019 4051 1041 4089 c.
1083 4034 1172 4089 surim
1195 4039 1318 4092 incanum
1425 4053 1426 4124 p
