2872 4806
592 443 636 510 53

105 603 177 668 ideo
207 603 360 685 inpetrare
392 621 458 666 cum
488 601 594 667 fiducia
624 609 762 687 poterant
785 603 992 690 quodcumque
1016 605 1053 670 de
1075 607 1124 671 dei

103 717 282 782 mericnrdia
305 717 502 800 postulabant.

550 914 680 984 xxlu.

190 1033 333 1122 innubis
357 1077 431 1122 vero
455 1059 498 1122 sic
526 1059 703 1122 unanimitas
727 1057 751 1137 ¹)
780 1059 928 1123 deminuta
953 1066 1012 1152 est,
1041 1067 1126 1126 utet

101 1175 226 1257 largitas
249 1173 432 1257 operationis
461 1173 586 1237 infracta
616 1179 671 1236 est.
716 1173 830 1237 Domus
858 1179 928 1238 tnnc
956 1180 987 1236 et
1015 1174 1125 1239 fundos

75 1284 315 1350 nvenundibmt
330 1282 358 1364 ²)
380 1293 411 1349 et
433 1286 592 1350 thesauros
614 1287 670 1348 sibi
693 1287 724 1348 in
748 1286 832 1348 caelo
854 1296 1037 1368 reponentes
1059 1289 1124 1352 dis-

104 1399 262 1465 tribuenda
291 1401 321 1464 in
347 1417 421 1464 usus
442 1399 637 1485 indigentium
659 1402 754 1483 pretia
779 1403 924 1483 apostolis
948 1402 1123 1468 offerebant.

103 1514 143 1579 At
166 1531 246 1578 nunc
269 1513 308 1576 de
329 1513 508 1596 patrimonio
532 1532 590 1576 neo
614 1513 744 1578 decimas
762 1514 875 1593 damus,
899 1522 938 1595 et,
962 1535 1028 1579 cum
1046 1537 1125 1580 ven-

105 1628 180 1692 dere
202 1630 303 1692 iubeat
325 1628 480 1707 dominus,
505 1629 627 1692 emimus
650 1630 749 1711 potius
773 1636 803 1691 et
825 1647 978 1712 augemus.
1024 1631 1074 1695 Sic
1096 1633 1125 1695 in

103 1743 192 1806 nobie
215 1744 359 1806 emarcuit
370 1739 397 1820 3)
421 1745 510 1826 vigor
532 1743 619 1823 tidei,
645 1745 688 1805 sic
712 1744 899 1806 credentium
922 1745 1015 1807 robur
1039 1745 1126 1835 elan-

68 1858 178 1943 roguit.
223 1856 260 1920 Et
283 1855 395 1920 idcirco
409 1851 437 1936 ⁴)
460 1858 598 1921 dominus
622 1863 756 1939 tempora
778 1863 882 1920 nostra
906 1858 1073 1939 respiciens
1096 1859 1126 1923 in

104 1971 264 2055 evangetio
297 1987 354 2034 suo
388 1969 458 2033 dicit
474 1968 519 2050 5);
556 1971 655 2034 Filius
686 1973 821 2035 dominio
834 1968 862 2048 ⁶)
897 1991 964 2033 oum
994 1973 1125 2051 venerit,

100 2095 213 2166 putas,
244 2085 382 2148 inveniet
403 2086 496 2165 fidem
517 2086 551 2146 in
581 2087 692 2148 terra?
737 2085 878 2148 Videmus
907 2085 972 2148 fieri
990 2079 1016 2162 ⁷)
1046 2085 1126 2166 quod

103 2199 154 2261 dle
177 2198 332 2280 praedixit.
378 2197 410 2260 ln
434 2198 484 2261 dei
506 2191 669 2278 timoreflp,
692 2199 722 2260 in
744 2197 814 2280 lege
838 2198 984 2277 iustitiae,
1015 2199 1045 2261 in
1076 2200 1126 2262 di-

105 2313 247 2392 lectione,
271 2313 301 2375 in
325 2331 418 2395 opere
441 2312 517 2375 fides
533 2312 612 2376 nulla
628 2319 683 2374 est.
721 2313 816 2376 Nemo
833 2311 1000 2374 futurorum
1016 2319 1125 2376 metum

70 2450 92 2494 n
106 2428 227 2510 cogitat,
250 2426 328 2490 diem
351 2426 462 2490 domiui
477 2421 516 2505 ⁹),
539 2433 569 2489 et
591 2427 664 2488 iram
688 2426 746 2502 dei,
772 2432 802 2488 et
822 2425 984 2488 incredulis
999 2433 1125 2490 ventura

104 2541 269 2623 supplicia,
293 2547 323 2602 et
344 2546 451 2603 statuta
474 2539 595 2621 perfidis
620 2544 742 2600 aeterna
764 2543 912 2601 tormenta
934 2556 1022 2602 nemo
1046 2557 1126 2602 con-

177 2737 262 2791 xxttl.
291 2738 318 2802 1)
341 2739 371 2791 in
396 2739 473 2791 coiis
497 2738 533 2788 sit
556 2753 621 2789 ocra
645 2737 810 2789 unanimitas
835 2733 866 2787 A.
908 2735 969 2787 Tum
994 2741 1127 2792 deminuto

103 2837 177 2883 recte
196 2827 237 2879 W.
256 2827 296 2878 Ma
316 2833 341 2878 et
360 2824 404 2876 Ba.
437 2822 511 2891 vulg.
530 2826 669 2878 diminuta.
706 2825 758 2910 [dat
777 2830 802 2873 et
821 2821 844 2873 h.
863 2823 879 2874 1.
899 2832 925 2876 et
943 2826 967 2875 in
985 2842 1056 2894 seqq.
1076 2840 1127 2879 om.

102 2917 133 2970 A.
167 2914 229 2966 Post
246 2924 276 2968 nt
288 2913 367 2965 abest
385 2921 448 2980 part.
468 2921 491 2964 et
509 2929 523 2964 a
543 2910 599 2962 cod.
614 2910 672 2961 Ver.
692 2909 771 2977 (teste
789 2909 914 2980 Rigaltio)
933 2921 958 2964 et
978 2913 1018 2965 ed.
1032 2911 1126 2964 dieunt.

102 3005 155 3058 Sed
175 3006 215 3056 vir
233 3002 300 3054 doct.
319 3003 344 3052 in
364 2999 473 3069 Gotting.
493 3000 558 3051 libro
577 3015 642 3050 corr.
662 3007 691 3052 ut
709 3007 740 3051 et.
778 2997 835 3048 Mox
853 3007 894 3052 eat
915 3007 1018 3066 praeter
1034 2997 1057 3050 A
1075 3015 1125 3051 om.

102 3095 181 3144 etiam
199 3089 258 3142 Ver.
278 3097 305 3140 et
323 3088 373 3140 duo
392 3088 464 3151 Vat.;
488 3086 529 3138 nb
548 3087 625 3140 habet
644 3091 681 3140 sit
699 3088 724 3137 in
742 3102 807 3150 τοι,
832 3101 881 3136 nec
901 3086 973 3136 aliter
989 3087 1083 3156 iegitur
1101 3089 1126 3138 in

102 3181 162 3233 edd.
183 3178 306 3232 Dauentr.
334 3185 360 3228 et
384 3175 457 3228 Grav.
500 3177 529 3240 2)
553 3175 590 3228 ita
615 3173 671 3227 diab
699 3182 725 3225 et
751 3171 823 3238 Bab,
849 3175 910 3224 item
934 3171 991 3224 edd.
1017 3182 1125 3241 excepta

102 3308 194 3392 Renib.
220 3351 324 3400 omnes3
354 3338 547 3391 venumdabant
569 3333 610 3387 W.
635 3333 691 3384 died
714 3341 741 3384 et
764 3332 794 3384 A.
844 3329 959 3382 Proxime
983 3278 1125 3396 tipe’lronroa

103 3430 134 3494 (n
153 3426 187 3478 ab
206 3424 238 3476 ιΙ.
258 3441 290 3476 nr.
309 3424 449 3492 superior.)
467 3422 507 3475 W.
545 3421 574 3486 3)
596 3425 625 3475 in
650 3425 727 3476 cotia
751 3422 878 3474 emercnit
901 3417 932 3468 A.
969 3417 999 3484 4)
1024 3419 1124 3470 iccirco

102 3513 199 3565 Manat.
235 3511 297 3563 Tum
314 3519 407 3565 noem
425 3525 475 3562 om.
495 3509 526 3562 A.
570 3509 598 3576 5)
616 3507 675 3560 Luc.
699 3508 744 3572 18,
768 3506 793 3558 8.
836 3505 865 3572 6)
885 3506 975 3558 Filius
1000 3506 1123 3567 dominis,

101 3599 254 3672 inquietin.
285 3598 351 3650 Dein
370 3601 493 3667 qouniam
510 3593 657 3651 veneritd.
694 3595 723 3659 7)
741 3597 800 3663 ficri
816 3596 893 3646 etiam
905 3589 954 3642 nb.
986 3587 1048 3640 Tum
1065 3591 1124 3642 ittie

102 3691 135 3744 A.
173 3689 262 3742 Statim
279 3691 411 3758 praecepit
429 3685 613 3753 (superscripto
632 3699 647 3735 a
664 3699 717 3735 aee.
736 3699 768 3735 m.
785 3679 935 3752 praedicit)
953 3678 1003 3729 Μὴ,
1044 3675 1073 3741 8)
1091 3679 1124 3734 io

103 3783 200 3834 timore
217 3781 259 3832 dei
275 3775 321 3830 Bb.
358 3775 417 3826 idox
434 3784 458 3827 ot
475 3777 505 3826 in
523 3776 674 3837 dilectione,
701 3780 725 3824 et
748 3773 777 3824 in
796 3785 872 3839 opere
890 3767 920 3819 A.
962 3765 991 3831 9)
1015 3773 1123 3828 motum,

103 3885 180 3921 nenne
201 3868 298 3936 copitat
314 3866 382 3916 diem
400 3863 500 3914 domini
517 3858 570 3922 Bb,
596 3868 692 3912 metum
716 3861 821 3928 copitat,
839 3871 913 3908 nem
938 3856 1035 3923 copitat
1057 3853 1125 3904 diem
1157 3909 1163 3916 ,

104 3956 205 4008 domini
222 3952 253 4003 A.
289 3948 373 4001 Verba
393 3955 418 4002 et
435 3950 504 4000 iram
530 3947 572 3998 dei
594 3959 644 3998 om.
663 3943 709 3996 Bb.
745 3942 846 3995 Deinde
871 3943 1030 3995 increduius
1053 3953 1122 3993 nen-

106 4050 185 4098 turua
205 4040 267 4109 (sie)
285 4036 317 4090 A.
353 4034 432 4090 Paulo
451 4040 510 4107 poet
528 4023 655 4091 tormenta
674 4042 781 4090 aeterna
802 4030 837 4086 id.
856 4028 897 4086 nt.
