2874 4806
605 471 666 548 ssi

128 635 238 700 artifex
259 642 328 700 tuus
350 644 381 700 te
404 657 466 702 non
487 647 705 724 recognoscat,
728 642 765 704 ad
787 658 840 705 sua
862 642 993 726 praemia
1015 649 1045 705 et
1066 661 1144 726 pro-

128 753 219 816 missa
243 756 412 816 venientem
434 761 589 817 removeat
613 760 643 817 et
665 756 821 836 excludat,
852 757 1009 840 increpans
1037 758 1144 840 vigore

127 867 264 934 censoris
297 873 327 932 ct
356 866 462 930 iudicis
493 867 588 932 dicat:
620 868 703 950 Opus
719 868 758 947 ιι)
790 871 848 933 hoc
877 889 975 933 meum
1004 889 1066 934 non
1090 878 1144 951 est,

127 1001 185 1046 nec
206 984 304 1065 imago
329 981 403 1045 baec
424 988 527 1045 nostra
551 988 605 1044 cst.
653 981 815 1060 Cutem12)
846 984 922 1047 salso
952 984 1145 1049 medicamine

100 1095 275 1179 spolluisti,
308 1096 421 1156 crinem
451 1094 588 1157 adultero
609 1095 716 1170 ‘colore
738 1097 873 1174 mutasti,
906 1105 1076 1181 expugnata
1099 1103 1146 1161 est

126 1209 282 1273 mendacio
305 1209 412 1288 iacies,
435 1209 532 1291 figura
555 1215 693 1289 corrupta
718 1215 780 1287 est,
811 1210 909 1297 vultus
941 1212 1057 1274 alienus
1090 1220 1143 1277 est.

127 1325 223 1388 Deum
245 1324 348 1387 videre
371 1340 432 1386 non
455 1324 579 1404 poteris,
605 1322 724 1404 quando
748 1324 827 1386 oculi
850 1325 902 1387 tibi
919 1321 959 1401 ¹³)
981 1344 1042 1389 non
1066 1318 1144 1406 sunt}

128 1455 205 1519 quos
228 1436 302 1500 deus
324 1436 412 1516 iecit,
441 1436 496 1500 sed
519 1434 753 1522 quosutabolus
776 1437 885 1499 iniecit.
930 1437 1012 1501 iilum
1035 1445 1066 1502 tu
1090 1457 1145 1502 se-

127 1558 264 1632 matoes,
286 1548 447 1627 rutilos¹⁴)
471 1558 561 1632 atque
578 1550 712 1633 depictos
735 1552 839 1615 oculos
862 1554 1010 1634 serpentis
1033 1554 1142 1616 imitata

87 1681 178 1747 roes,
217 1665 254 1728 de
288 1666 406 1728 inimico
440 1669 492 1727 tuo
526 1670 657 1746 compta,
696 1681 762 1727 cum
800 1664 850 1728 ilio
884 1667 995 1746 pariter
1028 1684 1140 1729 arsura.

127 1777 274 1861 Haec¹⁵),
299 1798 370 1860 oro,
402 1797 463 1842 non
490 1778 647 1860 cogitanda
677 1785 746 1841 sunt
776 1778 825 1841 dei
855 1780 971 1859 servis,
1000 1797 1061 1842 non
1094 1780 1142 1842 die

127 1914 246 1978 semper
269 1913 304 1958 ac
325 1900 415 1956 nocte
437 1892 620 1956 metuenda?
657 1892 792 1955 Viderint
807 1893 878 1973 quid
900 1895 957 1956 sibi
979 1900 1089 1976 nuptae
1103 1889 1142 1971 ¹⁶)

198 2151 244 2216 11)
263 2167 327 2218 opos
338 2145 379 2198 Fr.
393 2145 473 2196 Emm.
490 2143 512 2197 1.
550 2143 624 2207 Quod
642 2145 757 2212 sequitur
774 2149 823 2198 boc
838 2160 887 2196 om.
902 2144 948 2196 bic.
980 2145 1038 2198 Mox
1055 2149 1145 2216 imopc

127 2249 189 2298 boec
206 2238 379 2308 praebuerunt
396 2234 436 2286 W.
454 2231 554 2284 Mabcd.
572 2230 614 2285 Fr.
632 2223 714 2284 Emm.
735 2232 757 2284 1.
777 2229 805 2283 B.
826 2233 862 2297 Α,
889 2235 950 2284 item
969 2233 1028 2284 edd.
1049 2232 1141 2286 Manat.

127 2327 223 2381 Morell.
242 2325 311 2376 Pam.
330 2322 388 2388 mg.
402 2317 458 2385 On,
477 2323 540 2372 boec
558 2323 644 2386 tmoyo
662 2318 723 2369 dant
741 2318 798 2370 edd.
813 2318 956 2370 Manutiana
974 2313 1140 2388 antiquiores,

127 2423 189 2472 boec
208 2414 272 2466 maie
291 2427 340 2463 om.
360 2408 444 2460 baluz.
464 2415 490 2458 et
508 2405 598 2457 Goidh.
635 2405 680 2472 12)
699 2417 783 2460 comte
799 2407 860 2471 (sie)
873 2406 915 2459 Fr.
929 2406 1008 2458 Emm.
1026 2407 1057 2471 1.‚
1077 2424 1142 2460 ear.

127 2523 186 2561 nem
203 2517 250 2572 pro
270 2505 369 2554 crinem
381 2496 428 2550 Mc.
465 2493 492 2544 ln
512 2492 623 2544 clausula
641 2495 742 2546 vulnera
761 2497 864 2546 otientur
883 2495 945 2561 (sic)
958 2492 999 2546 Fr.
1013 2494 1093 2546 Emm.
1108 2496 1143 2560 i.‚

126 2597 213 2663 fociae
238 2593 323 2643 atiena
342 2587 390 2637 iiia.
426 2581 487 2634 Tum
506 2582 538 2632 W
556 2597 605 2633 um.
624 2590 672 2634 eat.
720 2579 764 2645 13)
787 2579 825 2632 lta
844 2580 883 2632 W.
904 2579 1001 2632 Mabcd.
1023 2579 1094 2632 B.A
1119 2589 1145 2632 et

128 2680 186 2734 edd.
206 2691 293 2728 omnes
313 2674 425 2741 exceptis
444 2670 530 2722 Baius.
551 2677 577 2720 et
596 2666 695 2731 (luidb,
715 2667 850 2736 inquibus
872 2677 911 2720 est
930 2671 1001 2722 ocuti
1018 2673 1071 2731 tui3
1099 2671 1145 2720 tibi

127 2759 446 2824 senseresensere.
468 2761 490 2810 r.
529 2754 626 2807 uernae
647 2757 702 2809 arae
720 2753 760 2806 u.
780 2754 862 2807 nisan
881 2754 903 2807 n
922 2737 947 2806 'a
966 2755 1006 2806 n.
1027 2754 1106 2807 amm.
1121 2756 1144 2808 1.

124 2857 187 2907 item
200 2853 258 2906 edd.
271 2859 333 2904 vett.
347 2867 369 2903 c.
383 2847 470 2900 tiemb.
481 2847 578 2898 Erasm.
590 2844 665 2896 Grau.
693 2843 751 2895 Mox
765 2847 831 2912 pacat
844 2847 908 2897 derra
921 2842 949 2896 B.
982 2845 1027 2912 14)
1040 2847 1152 2897 rotator·

125 2943 175 2995 bib.
207 2940 268 2993 Post
280 2943 381 2993 imitata
394 2937 417 2988 Α
431 2953 479 2988 om.
494 2953 532 2989 oa.
565 2934 624 2986 Mox
635 2937 736 3003 pariter
748 2950 848 2985 arsuro
860 2932 957 2983 restitui
977 2947 1008 2980 ex
1021 2931 1093 2981 codd.
1105 2930 1145 2984 W.

126 3029 224 3080 biobcd.
235 3028 275 3080 Fr.
283 3025 363 3080 Emm.
373 3025 395 3076 1.
406 3023 462 3075 Bet
473 3040 504 3076 ex
512 3023 571 3075 edd.
581 3021 752 3072 Manutianam
764 3018 983 3082 antecedentibus,
997 3018 1145 3086 quibuscum

126 3119 253 3184 conspirat
280 3118 356 3166 etiam
374 3112 487 3178 hiereli,
514 3115 618 3182 paritor
636 3118 660 3162 et
677 3125 779 3161 arsuro
797 3106 919 3158 exhibent
938 3105 1030 3156 Manat.
1050 3103 1144 3156 Pamel.

125 3213 278 3272 ceteraeque
303 3202 466 3254 recentiores.
514 3197 557 3261 15)
576 3200 629 3251 Nec
646 3195 677 3248 Α.
720 3194 785 3245 Dein
811 3213 863 3246 oon
890 3197 1028 3264 copitanrta
1053 3193 1142 3258 scripsi

125 3290 303 3360 praeeuntibus
321 3288 395 3340 codd.
408 3286 448 3340 W.
461 3285 545 3338 Mabd.
557 3285 598 3337 Fr.
611 3283 691 3335 Emm.
708 3286 730 3334 1.
745 3282 773 3334 B.
787 3283 808 3333 Α
827 3291 853 3334 et
872 3281 929 3332 edd.
943 3280 1032 3332 Remb.
1046 3279 1144 3330 Erasm.

126 3379 200 3432 Grau.
219 3386 294 3447 atque
319 3375 417 3428 Moreil.
435 3390 482 3442 pro
511 3376 647 3443 capitanata
671 3389 740 3439 nore,
771 3370 837 3438 quod
867 3387 898 3421 ex
923 3370 1014 3422 Manut.
1039 3371 1064 3420 in
1088 3369 1143 3420 reli.

125 3539 280 3608 posteriores
298 3532 402 3598 influxit,
420 3479 581 3600 11111191.
600 3529 666 3598 (noo
684 3545 698 3580 a
718 3546 738 3581 r.
758 3545 791 3579 m.
811 3543 886 3605 supra
906 3529 984 3592 corr.)
1004 3527 1050 3580 Mc.
1089 3527 1145 3579 Mox

125 3631 193 3684 diem
213 3655 242 3664 —
264 3643 296 3678 ac
313 3632 387 3676 nocto
404 3620 436 3684 Α,
455 3623 513 3674 dieo
531 3651 564 3660 -
583 3635 615 3671 ac
633 3626 708 3670 nocte
727 3615 769 3668 Fr.
789 3615 870 3666 Emm.
892 3615 913 3667 1.
951 3615 989 3668 Au
1008 3619 1144 3669 metuendo

125 3715 229 3768 adnotat
253 3710 383 3764 Bolusius:
412 3706 547 3774 „Erasmus
575 3706 672 3756 monuit
699 3703 759 3755 aiibi
788 3702 817 3768 [i.
841 3718 864 3752 e.
890 3703 915 3751 in
940 3702 981 3753 ed.
1006 3701 1143 3768 Deventr.]

126 3803 178 3870 iegi
207 3803 368 3864 meditando,
399 3812 475 3867 quam
504 3795 642 3846 tectionem
673 3807 723 3860 ego
749 3791 835 3858 reperi
863 3791 887 3839 in
915 3788 979 3840 libro
1006 3788 1140 3840 susensi«

128 3889 174 3959 16)
193 3898 289 3958 nuptae
307 3903 356 3940 om.
375 3885 417 3938 Fr.
436 3883 516 3936 Emm.
537 3882 579 3946 1.‚
603 3884 697 3935 scottae
723 3877 810 3930 scribit
827 3875 856 3929 B.
891 3875 968 3927 Paulo
986 3883 1042 3942 post
1060 3886 1143 3928 tomen

126 3993 174 4046 pro
193 3981 256 4032 dum
274 3974 351 4028 babet
368 3973 400 4027 Α.
431 3972 493 4024 Tum
511 3974 540 4024 in
558 3971 801 4024 execrationem
819 3965 879 4016 dant
896 3964 936 4015 W.
950 3963 997 4017 bia.
1014 3961 1043 4014 B.
1077 3962 1143 4013 Dein

127 4067 270 4121 adciscunt
293 4062 348 4129 bic,
372 4066 512 4118 arctarant
534 4058 563 4113 B.
582 4057 640 4124 bid,
659 4057 719 4109 item
743 4055 801 4107 edd.
820 4052 912 4110 Venet.
933 4051 955 4104 1.
975 4051 999 4103 2.
1019 4050 1141 4103 Darentr.
