2874 4806
806 421 871 489 108

329 583 409 646 lione
431 582 536 665 peiora
559 584 655 649 adhue
676 582 822 668 peccandi
844 583 967 646 vulnera
980 581 1025 662 ὅ),
1053 601 1127 646 ecee
1151 583 1265 645 maiora
1289 583 1349 645 de·
1417 571 1418 584 ¹

328 697 414 775 licta,
448 713 609 777 peccasse,
639 716 697 761 nee
725 696 919 774 satisfacere3
951 695 1129 776 deliquisse,
1158 713 1218 758 nec
1240 695 1350 760 delicta

329 809 451 874 deflere.

774 1007 906 1078 xxvt.

413 1148 546 1213 Ananias
560 1147 594 1230 ¹),
616 1148 754 1229 Ananias,
770 1148 885 1231 llisael,
908 1146 1049 1210 inlustres
1069 1165 1105 1210 ac
1120 1148 1238 1213 nobiles
1252 1151 1352 1232 pueri,

302 1281 390 1344 aquo
413 1263 510 1326 minus
533 1263 773 1345 exomologesim
798 1263 857 1326 deo
870 1261 1023 1340 ,iacerent
1045 1281 1102 1325 nee
1123 1263 1202 1326 inter
1217 1263 1351 1326 dammas

328 1382 359 1438 et
392 1377 498 1439 camini
534 1378 737 1440 exaestuantis
770 1376 906 1440 incendia
940 1377 1127 1457 quieverunt.
1181 1376 1265 1440 Bene
1295 1379 1353 1441 sibi

328 1491 399 1554 lieet
421 1491 536 1554 conscii
559 1497 589 1554 et
611 1487 799 1568 dominum²l
820 1491 892 1554 iidei
913 1509 949 1554 ac
963 1491 1076 1554 timoris
1093 1491 1241 1572 obsequio
1256 1510 1352 1574 saepe

329 1605 492 1687 promeriti,
516 1605 706 1670 humilitatem
728 1611 826 1669 amen
850 1611 954 1668 tenere
976 1611 1007 1667 et
1029 1606 1151 1669 domino
1173 1605 1352 1675 satisfacere

329 1739 387 1784 nec
409 1721 488 1790 inter
510 1721 575 1802 ipsa
597 1720 732 1803 gloriosa
761 1722 901 1785 virtmum
931 1738 1051 1784 suarum
1082 1722 1222 1803 martyria
1253 1720 1352 1783 desti-

286 1845 318 1888 ιο
331 1839 439 1896 terunt.
484 1833 631 1915 Loquitur
653 1835 799 1916 scriptura
822 1835 921 1898 divina
934 1831 976 1912 ³):
1000 1835 1111 1912 Stans,
1134 1833 1238 1915 inquit,
1261 1833 1350 1896 Asa·
1410 1811 1413 1816 Δ

328 1947 397 2010 rias
414 1956 565 2028 precatae
587 1961 644 2030 eat,
668 1960 698 2014 et
718 1952 846 2030 apernit
867 1970 903 2014 os
922 1969 1032 2027 snam,
1059 1958 1090 2013 et
1109 1949 1352 2028 exomologesim

327 2059 468 2140 faciebat
496 2066 555 2130 dea
584 2067 678 2130 simrd
707 2085 775 2130 mem
805 2065 967 2130 sodalibus
987 2066 1056 2129 saia
1078 2067 1113 2126 in
1133 2063 1235 2126 media
1258 2064 1350 2144 ignis.

330 2179 436 2242 Daniel
452 2177 480 2259 ⁴)
504 2199 625 2266 qnoque
647 2187 715 2264 post
738 2178 808 2245 fidei
830 2185 918 2262 atque
939 2179 1129 2244 innocentiae
1151 2195 1225 2242 suae
1247 2179 1350 2242 multi-

329 2293 435 2378 plicem
458 2297 593 2377 gratiam,
615 2302 685 2378 post
706 2296 907 2382 dignationem
930 2295 1041 2359 domini
1064 2295 1144 2358 eirca
1166 2295 1293 2358 virtutes
1317 2313 1351 2358 ac

291 2424 316 2468 ¹⁵
330 2411 434 2476 laudes
458 2431 526 2478 suas
556 2432 649 2498 saepe
678 2415 833 2496 repetitam
849 2411 876 2491 ⁵)
906 2413 1024 2478 ieiuniis
1055 2411 1152 2475 adhuc
1183 2411 1351 2492 promereri

401 2650 430 2715 5)
448 2667 549 2719 genera
564 2648 621 2701 cod.
640 2649 761 2701 Lemouii.
792 2647 852 2700 llox
867 2665 993 2719 peccasse
1010 2665 1041 2702 se
1052 2647 1094 2698 W.
1106 2644 1155 2700 lla.
1172 2642 1218 2696 sa.
1250 2643 1351 2697 Deinde

330 2774 399 2827 satis
411 2781 498 2828 tacere
510 2771 554 2825 Ba.
584 2772 645 2825 Tum
658 2775 757 2828 deliaca
776 2771 839 2841 (sic)
852 2770 883 2823 lt.
913 2770 1045 2824 Postremo
1063 2739 1157 2839 ³⁰pere
1180 2772 1225 2834 (ex
1249 2773 1350 2824 emend.

329 2875 349 2912 r.
368 2863 414 2922 nn.)
433 2859 474 2912 W.
1213 2915 1217 2920 .

400 2946 484 3000 xxvi.
514 2947 541 3015 i)
566 2951 704 3004 Areuanias
723 2947 764 3000 W.
783 2948 831 3000 dia.
850 2945 887 2999 Ba
912 2955 937 3000 el
960 2962 998 3016 pr.
1016 2945 1067 2997 itta.
1108 2944 1170 2997 Tum
1193 2947 1292 3000 illisael
1314 2945 1351 2998 Bb

330 3051 354 3087 e.
372 3035 414 3088 ed.
433 3036 530 3089 diorell.
549 3036 615 3089 Reli.
634 3036 699 3088 libri·
711 3045 738 3088 et
756 3037 844 3105 scripti
863 3043 890 3088 et
908 3034 970 3086 editi
987 3035 1108 3089 illisaisel·
1149 3030 1198 3084 Pro
1219 3036 1352 3089 inlustres

330 3120 412 3190 (vulg.
430 3126 565 3190 illustres)
586 3122 635 3176 ttd.
653 3122 731 3175 habet
751 3127 797 3178 illi
813 3133 870 3178 tres
887 3125 949 3177 viri.
986 3120 1064 3173 Voce·
1082 3123 1233 3176 sanabiles
1251 3138 1302 3174 om.
1321 3123 1351 3174 Λ.

330 3209 425 3279 Scripsi
444 3212 539 3264 deiude
560 3215 766 3282 exomologesim
791 3212 1058 3280 proareomalogssin
1082 3224 1139 3260 cum
1158 3207 1196 3273 lt,
1219 3213 1351 3263 salomo-

329 3300 437 3368 lapisim
454 3306 493 3350 est
515 3300 541 3349 in
559 3299 619 3365 tib,
644 3302 861 3370 exhomologesin
880 3300 905 3349 in
922 3297 956 3348 W
975 3305 1001 3348 et
1019 3294 1058 3348 Ma
1081 3303 1108 3347 et
1126 3294 1182 3347 edd.
1201 3303 1264 3348 vett.
1296 3315 1350 3351 σε.

329 3388 491 3456 homolopesi
514 3387 540 3438 in
557 3369 603 3438 t'ta.
640 3385 698 3438 Dior
714 3390 819 3457 saciant
836 3402 971 3456 perperam
991 3382 1093 3436 exhibet
1109 3382 1150 3436 W.
1185 3380 1266 3434 Deest
1283 3386 1353 3438 inter

330 3472 354 3521 in
372 3469 423 3523 lib.
460 3471 522 3523 Tum
540 3477 680 3527 calcantis
699 3474 760 3525 daut
777 3473 844 3525 Med.
889 3473 918 3541 2)
937 3477 1014 3527 deum
1030 3470 1071 3522 W.
1090 3468 1138 3522 tte
1157 3467 1227 3534 Bab,
1252 3472 1353 3523 domins·

331 3556 372 3609 ttb
392 3566 418 3610 et
439 3558 469 3611 Α.
506 3558 675 3624 Prasmon,
700 3561 769 3629 quod
796 3576 816 3612 r.
835 3578 868 3612 m.
894 3559 1071 3628 superscripsit
1088 3559 1114 3608 in
1133 3555 1188 3620 lic,
1214 3556 1254 3607 lid
1274 3557 1351 3609 habet

330 3648 367 3698 tm
385 3644 457 3712 (ie.
476 3647 599 3714 tantam).
636 3646 720 3699 Verba
739 3649 871 3716 proxima:
893 3658 919 3702 st
936 3651 1040 3702 domino
1058 3648 1217 3713 satisfacere
1235 3660 1285 3697 om.
1304 3643 1350 3697 Bb.

332 3728 360 3792 3)
381 3732 471 3784 divina
488 3735 627 3802 scriptura
642 3732 682 3783 did
698 3741 725 3784 et
737 3735 766 3787 Α.
783 3785 785 3789 ,
802 3733 857 3785 vio.
870 3732 963 3785 Daniel
981 3732 1006 3796 3,
1021 3732 1062 3783 25.
1075 3759 1110 3768 -
1120 3733 1211 3800 inpais
1222 3730 1254 3784 Δ.
1283 3731 1350 3786 Dein

331 3820 433 3871 Asaria
445 3816 484 3869 W.
516 3819 574 3871 lilox
592 3820 654 3882 (om.
669 3821 704 3886 et)
718 3825 925 3893 exomologesim
938 3821 970 3886 Α,
989 3822 1214 3889 exhomolapysim
1226 3818 1277 3887 ttt,
1295 3840 1348 3876 ea·-

330 3906 508 3974 lomaiapcsin
517 3906 558 3972 W,
572 3910 778 3978 exhomolopcsi
791 3917 819 3960 ut
831 3907 906 3974 solen
919 3909 964 3970 Ba.
993 3907 1125 3959 Postremo
1139 3905 1234 3976 igniW
1243 3915 1270 3958 et
1282 3907 1346 3960 llud.

331 3987 361 4056 t)
380 3993 492 4045 limitet
503 3992 542 4044 W.
557 3992 622 4046 libe.
635 3992 678 4047 Ba.
716 3993 745 4062 5)
764 3998 854 4070 repetis·
872 3999 908 4054 εἴη
927 3989 1156 4070 (aspernantis),
1169 3995 1258 4068 inmg.
1276 3993 1310 4045 ab
1327 4008 1346 4048 r.
