2872 4806
610 438 655 508 st

128 597 278 683 quomodo
301 605 331 662 et
355 617 422 664 curn
444 599 538 666 tribus
559 601 662 684 pueris
683 602 715 666 in
736 602 852 668 camino
875 601 953 685 ignis
976 600 1048 682 luit,
1070 607 1101 665 et
1114 597 1142 679 8)

126 717 195 799 quia
218 715 247 777 in
271 711 359 776 deum
388 714 538 796 simplices
561 720 650 798 etque
673 717 751 780 inter
773 734 807 780 se
825 717 992 780 ,unanimes
1021 731 1142 798 penna-

125 829 248 908 nebant,
271 827 395 892 llammis
417 829 613 893 ambientibus
636 831 751 894 medios
774 831 879 914 spiritu
893 830 971 894 roris
988 830 1143 896 animavit:

126 943 279 1026 quomodo
304 942 449 1024 apostolis
474 940 591 1006 duobus
613 943 643 1005 in
667 943 800 1008 custodia
821 945 949 1023 clausis,
979 944 1047 1024 quia
1069 943 1144 1006 sim-

56 1067 59 1074 ·
101 1057 237 1140 aplices,
261 1058 329 1140 quie
351 1058 506 1122 unanimes
530 1065 632 1137 erant,
656 1060 720 1141 ipse
743 1058 836 1122 adluit
845 1057 889 1136 ⁴),
918 1060 982 1142 ipse
1004 1057 1145 1122 resolutis

129 1172 258 1234 carceris
281 1171 432 1250 claustris,
456 1178 489 1232 ut
506 1172 654 1250 uerbum,
677 1171 758 1252 quod
782 1170 908 1234 lideliter
927 1171 1145 1252 praedicabant,

126 1284 302 1348 multitudini
325 1284 492 1364 traderent,
522 1284 559 1346 ad
582 1283 677 1348 lorum
700 1301 805 1348 rursus
835 1285 974 1366 inposuit.
1019 1284 1145 1358 Quando

126 1418 202 1486 ergo
216 1401 246 1462 in
260 1400 429 1481 praeceptis
444 1401 507 1462 suis
523 1396 642 1480 ponit⁵)
666 1403 695 1460 et
711 1397 799 1462 dicit:
826 1398 885 1460 Ubi
905 1399 1025 1479 scmlnt
1036 1394 1064 1475 ⁶)
1084 1399 1145 1462 dero

125 1523 181 1577 uest
203 1521 266 1577 tres
288 1516 406 1577 collecti
430 1515 462 1574 in
485 1515 606 1576 nomine
627 1533 711 1589 creo,
735 1532 790 1592 epo
813 1531 882 1576 cem
907 1513 952 1576 et's
973 1532 1059 1588 sose,
1083 1531 1143 1576 non

87 1638 112 1680 ¹⁰
127 1627 267 1689 homines
283 1627 319 1688 eb
343 1625 472 1688 ecclesia
494 1625 598 1688 dividit
621 1627 672 1706 qui
694 1626 819 1688 instituit
842 1632 873 1688 et
889 1624 960 1688 lecit
976 1625 1145 1706 ecclesiam,

123 1740 181 1804 sed
190 1735 217 1820 ⁷)
248 1739 434 1822 exprobrans
463 1736 642 1800 discordiam
673 1737 797 1820 perfidis
821 1743 850 1799 et
872 1736 1008 1800 lidebbus
1041 1757 1144 1821 pacem

124 1873 181 1920 sue
197 1873 274 1918 voce
290 1851 502 1918 commendans
518 1850 648 1916 ostendit
662 1853 757 1936 magis
774 1867 843 1914 esse
859 1846 931 1929 se⁸)
946 1832 1013 1916 cum
1029 1851 1145 1915 duobus

124 1976 176 2032 aut
190 1970 284 2031 tribus
307 1967 483 2031 unanimiter
506 1965 676 2044 orantibus,
700 1985 788 2048 quam
809 1983 876 2030 cum
897 1944 1145 2044 dissidentibus⁹l

123 2082 268 2166 plurimis,
279 2079 404 2163 plusque
412 2080 552 2162 inpetrari
563 2097 655 2160 posse
664 2098 826 2161 paucorum
839 2079 981 2143 concordi
993 2099 1084 2164 prece
1098 2075 1145 2161 ¹⁰),

84 2205 110 2248 ¹⁵
125 2215 213 2278 quam
242 2195 426 2260 discordiosa
460 2194 797 2277 orationemultorum.
849 2193 921 2258 ldeo
952 2203 981 2258 et
999 2194 1038 2273 ¹¹)
1078 2213 1143 2259 oum

197 2325 268 2436 Blst
285 2384 335 2422 orn.
355 2368 404 2422 lle.
441 2367 499 2420 blox
518 2370 547 2421 ire
565 2369 702 2422 dominum
720 2367 807 2420 scribit
825 2369 878 2434 ble,
902 2373 932 2424 s‘n
957 2369 1061 2422 domino
1084 2367 1144 2420 deut

122 2457 184 2508 Ver.
203 2457 284 2524 Neep.
303 2464 330 2508 et
347 2453 395 2520 Bb,
414 2458 443 2506 in
461 2457 545 2518 donem
568 2452 635 2522 quod
654 2455 820 2506 rectissimum
840 2471 898 2507 esse
917 2464 1005 2508 censet
1023 2454 1145 2524 Rigaltlue

123 2544 141 2596 l.
161 2560 184 2596 c.
203 2543 306 2596 exbibet
323 2542 529 2595 Beneventanus.
567 2540 617 2592 Sed
643 2541 664 2592 si
687 2544 832 2608 respexeris
850 2543 929 2594 verba
950 2543 1144 2611 praecedentius

122 2649 185 2686 cum
209 2633 285 2685 deum
308 2633 458 2684 timentibus
483 2639 507 2683 et
529 2631 570 2682 dei
590 2638 731 2698 praecepta
754 2633 941 2697 sesemetilus,
969 2631 1040 2700 vulg.
1062 2630 1141 2683 lectio

121 2717 243 2770 mutanda
261 2734 312 2770 nou
330 2717 439 2769 videtur.
476 2713 595 2768 Ceterum
615 2719 643 2769 in
662 2719 738 2770 deum
756 2725 783 2768 et
800 2720 870 2772 inter
888 2735 918 2771 sc
942 2720 1072 2786 aptissime
1097 2717 1145 2770 eibi

122 2815 290 2875 opponuntur.
327 2804 392 2857 Dein
411 2820 457 2875 pro
481 2811 669 2877 permanebunt
691 2807 716 2856 in
736 2805 794 2858 Ver.
814 2805 905 2875 legitur
927 2810 1144 2877 perseverabant,

122 2894 237 2961 proxime
256 2896 339 2948 medio
358 2895 383 2944 iu
395 2892 449 2945 Bab
463 2896 574 2964 itemque
594 2895 619 2946 in
632 2892 662 2946 Α.
699 2894 727 2958 1)
746 2886 827 2964 efferii
839 2894 876 2946 Bb
889 2903 916 2946 et
929 2894 959 2948 tt.
992 2894 1053 2946 Tum
1067 2898 1145 2966 ipsos

123 2980 173 3032 blo.
210 2981 273 3032 Dein
296 2985 396 3036 solertis
421 2986 552 3038 elcrrstris
577 2985 696 3036 cerceis
716 2981 751 3046 d,
777 2985 876 3038 solutis
903 2985 979 3036 etiam
999 2981 1048 3034 bid.
1087 2981 1145 3034 lllox

122 3073 233 3124 serlum
250 3083 300 3120 om.
318 3066 367 3134 Bb,
385 3087 477 3124 serore
502 3084 548 3136 pro
573 3073 683 3124 serlum
706 3069 783 3122 babet
801 3069 845 3124 lla.
887 3072 917 3139 5)
941 3075 970 3126 in
992 3060 1160 3140 praeceptis
1189 3101 1194 3108 κ

123 3161 179 3211 sint
202 3160 293 3224 posuit
316 3168 340 3210 st
364 3159 427 3210 dicit
449 3155 481 3208 Α.
527 3156 557 3225 6)
579 3161 689 3226 suerunt
713 3156 750 3222 A,
782 3162 849 3224 duo,
878 3161 978 3228 tepuit,
1013 3167 1060 3212 aot
1089 3168 1145 3212 tres

122 3248 226 3315 fuerint
243 3243 293 3297 blb.
329 3243 411 3294 Verba
430 3261 517 3314 seqq.:
543 3247 645 3298 collecti
669 3248 698 3298 in
721 3249 825 3300 somine
850 3263 906 3300 meo
928 3245 1020 3296 desunt
1039 3247 1064 3295 in
1082 3244 1142 3298 Ver.

123 3331 165 3384 W.
179 3331 261 3383 blabo.
274 3329 311 3382 Bb
324 3339 350 3382 et
363 3328 394 3394 Α,
413 3333 441 3384 ie
456 3335 559 3384 nomine
576 3349 632 3386 mec
652 3334 677 3384 in
691 3331 734 3384 Ba.
769 3331 834 3384 Dein
846 3349 908 3386 erem
921 3350 981 3385 crem
999 3335 1039 3385 eis
1058 3331 1147 3384 scribit

124 3417 156 3472 Α.
192 3417 221 3482 7)
240 3422 290 3473 sul
308 3433 354 3485 pro
373 3422 421 3472 sed
437 3417 484 3472 Bb.
517 3418 579 3470 Turn
599 3425 766 3490 exprobrans
784 3421 810 3472 iu
828 3419 861 3470 W
881 3427 1026 3487 corruptum
1044 3420 1070 3470 in
1089 3437 1143 3474 ere-

122 3512 256 3578 prcbcnss
274 3509 436 3561 discordiam
453 3511 620 3575 exprobrans
639 3520 663 3562 et
680 3511 804 3576 firlelr'bsts
823 3506 927 3560 exbibet
938 3505 989 3570 blb,
1002 3509 1146 3562 discordia

124 3596 216 3647 vitiose
235 3591 282 3644 Bb.
328 3593 358 3661 8)
376 3611 408 3647 ee
426 3595 546 3646 ontiseum
566 3602 606 3646 est
625 3597 649 3646 in
668 3593 703 3647 Be
723 3605 749 3646 et
766 3595 803 3659 A,
821 3596 1022 3663 superscriptum
1042 3611 1056 3646 a
1073 3611 1094 3646 r.
1112 3609 1145 3646 tn.

125 3685 149 3734 in
170 3681 221 3734 blb.
265 3681 293 3749 9)
312 3684 531 3736 dissentientibus
549 3680 584 3734 Ba
610 3689 636 3734 el
654 3682 686 3734 Α.
723 3681 931 3754 Tum'plurs'bree
950 3681 1009 3734 Ver.
1045 3681 1145 3734 Deinde

126 3771 270 3838 imperari,
299 3769 324 3818 in
342 3783 419 3835 marg.
438 3766 470 3820 ab
489 3783 509 3818 r.
529 3785 561 3819 m.
581 3772 719 3838 impetrari
737 3768 785 3821 blc.
830 3769 876 3836 10)
895 3772 1067 3824 concordium
1083 3785 1146 3837 poce

127 3855 173 3920 Be,
192 3860 363 3908 concordium
382 3873 471 3925 pacem
490 3870 526 3922 pr.
546 3855 595 3906 bib.
627 3854 685 3907 lllor
703 3859 840 3910 discordis
857 3855 887 3906 Α.
919 3854 984 3908 Dein
1002 3857 1146 3910 stultorum

127 3945 246 4010 erutione
265 3941 310 3994 blc.
357 3943 401 4006 11)
421 3954 445 3996 et
469 3958 519 3994 om.
539 3941 586 3996 bb.
623 3944 710 3997 Statim
730 3947 856 4016 quemodo
875 3960 922 4011 pro
942 3961 1002 4006 eppe
1020 3943 1097 4004 babet
1115 3942 1144 3995 lt.

128 4027 193 4081 Dein
213 4034 351 4086 crantibus
370 4030 410 4082 ed.
430 4029 552 4086 Dauentr.
