<?xml version="1.0" encoding="UTF-8"?>
<!DOCTYPE html PUBLIC "-//W3C//DTD XHTML 1.0 Transitional//EN"
    "http://www.w3.org/TR/xhtml1/DTD/xhtml1-transitional.dtd">
<html xmlns="http://www.w3.org/1999/xhtml" xml:lang="en" lang="en">
 <head>
  <title>
</title>
<meta http-equiv="Content-Type" content="text/html;charset=utf-8" />
  <meta name='ocr-system' content='tesseract 3.04.00' />
  <meta name='ocr-capabilities' content='ocr_page ocr_carea ocr_par ocr_line ocrx_word'/>
</head>
<body>
  <div class='ocr_page' id='page_1' title='image "./scaecilicyprian00krabgoog_0150.png"; bbox 0 0 2874 4806; ppageno 0'>
   <div class='ocr_carea' id='block_1_1' title="bbox 574 439 635 505">
    <p class='ocr_par' dir='ltr' id='par_1_1' title="bbox 574 439 635 505">
     <span class='ocr_line' id='line_1_1' title="bbox 574 439 635 505; baseline 0.016 -1"><span class='ocrx_word' id='word_1_1' title='bbox 574 439 635 505; x_wconf 79' lang='grc'><strong>129</strong></span> 
     </span>
    </p>
   </div>
   <div class='ocr_carea' id='block_1_2' title="bbox 72 587 1119 1473">
    <p class='ocr_par' dir='ltr' id='par_1_2' title="bbox 72 587 1119 1473">
     <span class='ocr_line' id='line_1_2' title="bbox 97 587 1111 684; baseline 0.004 -23"><span class='ocrx_word' id='word_1_2' title='bbox 97 617 133 662; x_wconf 91' lang='lat' dir='ltr'><strong>an</strong></span> <span class='ocrx_word' id='word_1_3' title='bbox 154 587 243 682; x_wconf 80' lang='lat' dir='ltr'><strong>virgo</strong></span> <span class='ocrx_word' id='word_1_4' title='bbox 266 600 312 663; x_wconf 84' lang='lat' dir='ltr'><strong>sit.</strong></span> <span class='ocrx_word' id='word_1_5' title='bbox 357 599 460 663; x_wconf 82' lang='lat' dir='ltr'><strong>Parem</strong></span> <span class='ocrx_word' id='word_1_6' title='bbox 491 615 525 663; x_wconf 87' lang='lat' dir='ltr'><strong>se</strong></span> <span class='ocrx_word' id='word_1_7' title='bbox 542 597 583 679; x_wconf 81' lang='lat'><strong>¹²)</strong></span> <span class='ocrx_word' id='word_1_8' title='bbox 613 602 768 684; x_wconf 76' lang='lat' dir='ltr'><strong>integritas</strong></span> <span class='ocrx_word' id='word_1_9' title='bbox 799 603 829 664; x_wconf 95' lang='lat' dir='ltr'><strong>in</strong></span> <span class='ocrx_word' id='word_1_10' title='bbox 861 601 995 666; x_wconf 86' lang='lat' dir='ltr'><strong>omnibus</strong></span> <span class='ocrx_word' id='word_1_11' title='bbox 1019 620 1111 683; x_wconf 88' lang='lat' dir='ltr'><strong>prae-</strong></span> 
     </span>
     <span class='ocr_line' id='line_1_3' title="bbox 95 714 1107 797; baseline 0.002 -21"><span class='ocrx_word' id='word_1_12' title='bbox 95 718 168 791; x_wconf 86' lang='lat' dir='ltr'><strong>stet,</strong></span> <span class='ocrx_word' id='word_1_13' title='bbox 197 731 254 776; x_wconf 91' lang='lat' dir='ltr'><strong>nec</strong></span> <span class='ocrx_word' id='word_1_14' title='bbox 283 715 393 778; x_wconf 86' lang='lat' dir='ltr'><strong>bonum</strong></span> <span class='ocrx_word' id='word_1_15' title='bbox 423 719 560 797; x_wconf 90' lang='lat' dir='ltr'><strong>corporis</strong></span> <span class='ocrx_word' id='word_1_16' title='bbox 591 716 685 779; x_wconf 90' lang='lat' dir='ltr'><strong>cultus</strong></span> <span class='ocrx_word' id='word_1_17' title='bbox 715 716 843 778; x_wconf 87' lang='lat' dir='ltr'><strong>infamet.</strong></span> <span class='ocrx_word' id='word_1_18' title='bbox 889 714 965 789; x_wconf 83' lang='lat' dir='ltr'><strong>Quid</strong></span> <span class='ocrx_word' id='word_1_19' title='bbox 993 723 1107 795; x_wconf 87' lang='lat' dir='ltr'><strong>ornata,</strong></span> 
     </span>
     <span class='ocr_line' id='line_1_4' title="bbox 96 824 1113 910; baseline 0.005 -24"><span class='ocrx_word' id='word_1_20' title='bbox 96 824 163 906; x_wconf 87' lang='lat' dir='ltr'><strong>quid</strong></span> <span class='ocrx_word' id='word_1_21' title='bbox 193 833 309 908; x_wconf 88' lang='lat' dir='ltr'><strong>compta</strong></span> <span class='ocrx_word' id='word_1_22' title='bbox 327 824 367 906; x_wconf 82' lang='lat'><strong>¹³)</strong></span> <span class='ocrx_word' id='word_1_23' title='bbox 397 829 548 910; x_wconf 78' lang='lat' dir='ltr'>procedit,</span> <span class='ocrx_word' id='word_1_24' title='bbox 581 831 665 910; x_wconf 87' lang='lat' dir='ltr'><strong>quasi</strong></span> <span class='ocrx_word' id='word_1_25' title='bbox 695 831 829 891; x_wconf 84' lang='lat' dir='ltr'><strong>maritum</strong></span> <span class='ocrx_word' id='word_1_26' title='bbox 862 835 912 892; x_wconf 90' lang='lat' dir='ltr'><strong>aut</strong></span> <span class='ocrx_word' id='word_1_27' title='bbox 933 829 1040 891; x_wconf 86' lang='lat' dir='ltr'><strong>habeat</strong></span> <span class='ocrx_word' id='word_1_28' title='bbox 1063 835 1113 891; x_wconf 90' lang='lat' dir='ltr'><strong>aut</strong></span> 
     </span>
     <span class='ocr_line' id='line_1_5' title="bbox 96 941 1113 1024; baseline 0.003 -22"><span class='ocrx_word' id='word_1_29' title='bbox 96 941 243 1020; x_wconf 81' lang='lat' dir='ltr'><strong>quaerat?</strong></span> <span class='ocrx_word' id='word_1_30' title='bbox 288 941 403 1004; x_wconf 82' lang='lat' dir='ltr'><strong>Timent</strong></span> <span class='ocrx_word' id='word_1_31' title='bbox 425 944 525 1024; x_wconf 64' lang='lat' dir='ltr'><strong>potins</strong></span> <span class='ocrx_word' id='word_1_32' title='bbox 555 944 691 1024; x_wconf 88' lang='lat' dir='ltr'><strong>placere,</strong></span> <span class='ocrx_word' id='word_1_33' title='bbox 725 945 764 1005; x_wconf 92' lang='lat' dir='ltr'><strong>si·</strong></span> <span class='ocrx_word' id='word_1_34' title='bbox 781 945 867 1024; x_wconf 81' lang='lat' dir='ltr'><strong>virgo</strong></span> <span class='ocrx_word' id='word_1_35' title='bbox 898 949 961 1022; x_wconf 92' lang='lat' dir='ltr'><strong>est,</strong></span> <span class='ocrx_word' id='word_1_36' title='bbox 994 961 1051 1005; x_wconf 87' lang='lat' dir='ltr'><strong>nec</strong></span> <span class='ocrx_word' id='word_1_37' title='bbox 1073 941 1113 1021; x_wconf 81' lang='lat'><strong>¹⁴)</strong></span> 
     </span>
     <span class='ocr_line' id='line_1_6' title="bbox 72 1052 1119 1146; baseline 0.011 -37"><span class='ocrx_word' id='word_1_38' title='bbox 72 1052 259 1134; x_wconf 81' lang='lat' dir='ltr'><strong>opericulum</strong></span> <span class='ocrx_word' id='word_1_39' title='bbox 281 1055 329 1116; x_wconf 88' lang='lat' dir='ltr'><strong>sui</strong></span> <span class='ocrx_word' id='word_1_40' title='bbox 352 1053 471 1136; x_wconf 77' lang='lat' dir='ltr'><strong>adpetat</strong></span> <span class='ocrx_word' id='word_1_41' title='bbox 494 1074 572 1137; x_wconf 86' lang='lat' dir='ltr'><strong>quae</strong></span> <span class='ocrx_word' id='word_1_42' title='bbox 595 1055 632 1119; x_wconf 88' lang='lat' dir='ltr'><strong>ad</strong></span> <span class='ocrx_word' id='word_1_43' title='bbox 655 1055 779 1118; x_wconf 87' lang='lat' dir='ltr'><strong>meliora</strong></span> <span class='ocrx_word' id='word_1_44' title='bbox 796 1061 825 1117; x_wconf 90' lang='lat' dir='ltr'><strong>et</strong></span> <span class='ocrx_word' id='word_1_45' title='bbox 841 1055 940 1119; x_wconf 87' lang='lat' dir='ltr'><strong>divina</strong></span> <span class='ocrx_word' id='word_1_46' title='bbox 956 1075 990 1120; x_wconf 89' lang='lat' dir='ltr'><strong>se</strong></span> <span class='ocrx_word' id='word_1_47' title='bbox 1007 1061 1119 1146; x_wconf 77' lang='lat' dir='ltr'><strong>servat.</strong></span> 
     </span>
     <span class='ocr_line' id='line_1_7' title="bbox 96 1164 1116 1250; baseline 0.002 -22"><span class='ocrx_word' id='word_1_48' title='bbox 96 1166 178 1240; x_wconf 77' lang='lat' dir='ltr'><strong>Quae</strong></span> <span class='ocrx_word' id='word_1_49' title='bbox 194 1167 291 1229; x_wconf 88' lang='lat' dir='ltr'><strong>virum</strong></span> <span class='ocrx_word' id='word_1_50' title='bbox 303 1164 344 1244; x_wconf 87' lang='lat'><strong>¹⁵)</strong></span> <span class='ocrx_word' id='word_1_51' title='bbox 368 1184 429 1230; x_wconf 92' lang='lat' dir='ltr'><strong>non</strong></span> <span class='ocrx_word' id='word_1_52' title='bbox 453 1167 573 1246; x_wconf 85' lang='lat' dir='ltr'><strong>habent,</strong></span> <span class='ocrx_word' id='word_1_53' title='bbox 596 1169 645 1230; x_wconf 88' lang='lat' dir='ltr'><strong>cui</strong></span> <span class='ocrx_word' id='word_1_54' title='bbox 666 1169 787 1250; x_wconf 89' lang='lat' dir='ltr'><strong>placere</strong></span> <span class='ocrx_word' id='word_1_55' title='bbox 808 1187 842 1230; x_wconf 91' lang='lat' dir='ltr'><strong>sc</strong></span> <span class='ocrx_word' id='word_1_56' title='bbox 865 1168 1012 1247; x_wconf 87' lang='lat' dir='ltr'><strong>simulent,</strong></span> <span class='ocrx_word' id='word_1_57' title='bbox 1035 1169 1116 1230; x_wconf 89' lang='lat' dir='ltr'><strong>intc-</strong></span> 
     </span>
     <span class='ocr_line' id='line_1_8' title="bbox 96 1263 1117 1363; baseline 0.003 -23"><span class='ocrx_word' id='word_1_58' title='bbox 96 1297 168 1360; x_wconf 76' lang='lat' dir='ltr'><strong>grae</strong></span> <span class='ocrx_word' id='word_1_59' title='bbox 192 1286 222 1341; x_wconf 89' lang='lat' dir='ltr'><strong>et</strong></span> <span class='ocrx_word' id='word_1_60' title='bbox 244 1297 338 1359; x_wconf 87' lang='lat' dir='ltr'><strong>purae</strong></span> <span class='ocrx_word' id='word_1_61' title='bbox 361 1297 423 1342; x_wconf 93' lang='lat' dir='ltr'><strong>non</strong></span> <span class='ocrx_word' id='word_1_62' title='bbox 446 1285 558 1342; x_wconf 88' lang='lat' dir='ltr'><strong>tantum</strong></span> <span class='ocrx_word' id='word_1_63' title='bbox 580 1281 794 1362; x_wconf 85' lang='lat' dir='ltr'><strong>corporaliter,</strong></span> <span class='ocrx_word' id='word_1_64' title='bbox 817 1279 872 1344; x_wconf 90' lang='lat' dir='ltr'><strong>sed</strong></span> <span class='ocrx_word' id='word_1_65' title='bbox 895 1289 924 1344; x_wconf 90' lang='lat' dir='ltr'><strong>et</strong></span> <span class='ocrx_word' id='word_1_66' title='bbox 946 1263 1117 1363; x_wconf 86' lang='lat' dir='ltr'><strong>spiritaliter</strong></span> 
     </span>
     <span class='ocr_line' id='line_1_9' title="bbox 96 1397 302 1473; baseline -0.005 -19"><span class='ocrx_word' id='word_1_67' title='bbox 96 1397 302 1473; x_wconf 87' lang='lat' dir='ltr'><strong>perseverent.</strong></span> 
     </span>
    </p>
   </div>
   <div class='ocr_carea' id='block_1_3' title="bbox 585 1589 624 1656">
    <p class='ocr_par' dir='ltr' id='par_1_3' title="bbox 585 1589 624 1656">
     <span class='ocr_line' id='line_1_10' title="bbox 585 1589 624 1656; baseline 0.026 -1"><span class='ocrx_word' id='word_1_68' title='bbox 585 1589 624 1656; x_wconf 88' lang='lat' dir='ltr'><strong>V.</strong></span> 
     </span>
    </p>
   </div>
   <div class='ocr_carea' id='block_1_4' title="bbox 179 1730 1117 1817">
    <p class='ocr_par' dir='ltr' id='par_1_4' title="bbox 179 1730 1117 1817">
     <span class='ocr_line' id='line_1_11' title="bbox 179 1730 1117 1817; baseline 0.001 -19"><span class='ocrx_word' id='word_1_69' title='bbox 179 1735 287 1817; x_wconf 88' lang='lat' dir='ltr'><strong>Neque</strong></span> <span class='ocrx_word' id='word_1_70' title='bbox 307 1731 332 1812; x_wconf 92' lang='lat'><strong>¹)</strong></span> <span class='ocrx_word' id='word_1_71' title='bbox 362 1731 440 1796; x_wconf 88' lang='lat' dir='ltr'><strong>enim</strong></span> <span class='ocrx_word' id='word_1_72' title='bbox 469 1732 618 1815; x_wconf 79' lang='lat' dir='ltr'><strong>virginem</strong></span> <span class='ocrx_word' id='word_1_73' title='bbox 648 1730 694 1794; x_wconf 89' lang='lat' dir='ltr'><strong>ias</strong></span> <span class='ocrx_word' id='word_1_74' title='bbox 718 1731 823 1796; x_wconf 90' lang='lat' dir='ltr'><strong>estad</strong></span> <span class='ocrx_word' id='word_1_75' title='bbox 848 1733 981 1814; x_wconf 87' lang='lat' dir='ltr'><strong>speciem</strong></span> <span class='ocrx_word' id='word_1_76' title='bbox 1003 1734 1117 1798; x_wconf 82' lang='lat' dir='ltr'><strong>formae</strong></span> 
     </span>
    </p>
   </div>
   <div class='ocr_carea' id='block_1_5' title="bbox 40 2008 1173 4096">
    <p class='ocr_par' dir='ltr' id='par_1_5' title="bbox 40 2008 1173 3462">
     <span class='ocr_line' id='line_1_12' title="bbox 165 2008 1111 2082; baseline 0.004 -20"><span class='ocrx_word' id='word_1_77' title='bbox 165 2011 209 2076; x_wconf 86' lang='grc'><strong>12)</strong></span> <span class='ocrx_word' id='word_1_78' title='bbox 228 2014 366 2064; x_wconf 64' lang='lat' dir='ltr'><strong>ratemea</strong></span> <span class='ocrx_word' id='word_1_79' title='bbox 382 2008 438 2060; x_wconf 89' lang='lat' dir='ltr'><strong>cod.</strong></span> <span class='ocrx_word' id='word_1_80' title='bbox 453 2008 567 2078; x_wconf 79' lang='lat' dir='ltr'><strong>Seguicr.</strong></span> <span class='ocrx_word' id='word_1_81' title='bbox 599 2009 728 2079; x_wconf 79' lang='lat' dir='ltr'><strong>Deinceps</strong></span> <span class='ocrx_word' id='word_1_82' title='bbox 748 2013 888 2082; x_wconf 76' lang='lat' dir='ltr'><strong>iniepritae</strong></span> <span class='ocrx_word' id='word_1_83' title='bbox 907 2029 922 2064; x_wconf 83' lang='lat' dir='ltr'><strong>a</strong></span> <span class='ocrx_word' id='word_1_84' title='bbox 941 2029 974 2064; x_wconf 90' lang='lat' dir='ltr'><strong>m.</strong></span> <span class='ocrx_word' id='word_1_85' title='bbox 992 2029 1040 2080; x_wconf 92' lang='lat' dir='ltr'><strong>pr.,</strong></span> <span class='ocrx_word' id='word_1_86' title='bbox 1059 2030 1073 2064; x_wconf 90' lang='lat' dir='ltr'><strong>a</strong></span> <span class='ocrx_word' id='word_1_87' title='bbox 1091 2030 1111 2066; x_wconf 86' lang='lat' dir='ltr'><strong>r.</strong></span> 
     </span>
     <span class='ocr_line' id='line_1_13' title="bbox 99 2096 1173 2169; baseline 0.001 -17"><span class='ocrx_word' id='word_1_88' title='bbox 99 2102 243 2169; x_wconf 60' lang='lat' dir='ltr'><strong>integritate</strong></span> <span class='ocrx_word' id='word_1_89' title='bbox 268 2098 317 2150; x_wconf 80' lang='lat' dir='ltr'><strong>tte.</strong></span> <span class='ocrx_word' id='word_1_90' title='bbox 357 2096 427 2148; x_wconf 85' lang='lat' dir='ltr'><strong>idern</strong></span> <span class='ocrx_word' id='word_1_91' title='bbox 450 2096 518 2149; x_wconf 88' lang='lat' dir='ltr'><strong>liber</strong></span> <span class='ocrx_word' id='word_1_92' title='bbox 541 2113 579 2165; x_wconf 86' lang='lat' dir='ltr'><strong>pr.</strong></span> <span class='ocrx_word' id='word_1_93' title='bbox 598 2116 661 2166; x_wconf 87' lang='lat' dir='ltr'><strong>nec,</strong></span> <span class='ocrx_word' id='word_1_94' title='bbox 690 2108 747 2166; x_wconf 84' lang='lat' dir='ltr'><strong>post</strong></span> <span class='ocrx_word' id='word_1_95' title='bbox 772 2115 835 2152; x_wconf 88' lang='lat' dir='ltr'><strong>vero</strong></span> <span class='ocrx_word' id='word_1_96' title='bbox 858 2118 906 2166; x_wconf 78' lang='lat' dir='ltr'><strong>rra,</strong></span> <span class='ocrx_word' id='word_1_97' title='bbox 931 2100 998 2168; x_wconf 91' lang='lat' dir='ltr'><strong>quod</strong></span> <span class='ocrx_word' id='word_1_98' title='bbox 1024 2100 1117 2169; x_wconf 82' lang='lat' dir='ltr'><strong>legitur</strong></span> <span class='ocrx_word' id='word_1_99' title='bbox 1170 2137 1173 2162; x_wconf 79' lang='grc'>,</span> 
     </span>
     <span class='ocr_line' id='line_1_14' title="bbox 100 2184 1115 2254; baseline 0.006 -18"><span class='ocrx_word' id='word_1_100' title='bbox 100 2187 172 2236; x_wconf 80' lang='lat' dir='ltr'><strong>etiam</strong></span> <span class='ocrx_word' id='word_1_101' title='bbox 198 2187 224 2238; x_wconf 85' lang='lat' dir='ltr'><strong>in</strong></span> <span class='ocrx_word' id='word_1_102' title='bbox 243 2186 276 2236; x_wconf 90' lang='lat' dir='ltr'>W</span> <span class='ocrx_word' id='word_1_103' title='bbox 295 2193 323 2237; x_wconf 82' lang='lat' dir='ltr'><strong>et</strong></span> <span class='ocrx_word' id='word_1_104' title='bbox 344 2184 391 2238; x_wconf 82' lang='lat' dir='ltr'><strong>tta.</strong></span> <span class='ocrx_word' id='word_1_105' title='bbox 431 2185 495 2238; x_wconf 79' lang='lat' dir='ltr'><strong>‘Post</strong></span> <span class='ocrx_word' id='word_1_106' title='bbox 523 2191 617 2240; x_wconf 83' lang='lat' dir='ltr'><strong>tanam</strong></span> <span class='ocrx_word' id='word_1_107' title='bbox 641 2185 758 2238; x_wconf 77' lang='lat' dir='ltr'><strong>Boionius</strong></span> <span class='ocrx_word' id='word_1_108' title='bbox 785 2189 863 2239; x_wconf 90' lang='lat' dir='ltr'><strong>tacite</strong></span> <span class='ocrx_word' id='word_1_109' title='bbox 891 2187 985 2239; x_wconf 85' lang='lat' dir='ltr'><strong>adiecit</strong></span> <span class='ocrx_word' id='word_1_110' title='bbox 1010 2193 1115 2254; x_wconf 80' lang='lat' dir='ltr'><strong>encratia,</strong></span> 
     </span>
     <span class='ocr_line' id='line_1_15' title="bbox 40 2272 1111 2345; baseline 0.002 -19"><span class='ocrx_word' id='word_1_111' title='bbox 40 2294 44 2306; x_wconf 92' lang='lat'>·</span> <span class='ocrx_word' id='word_1_112' title='bbox 100 2275 189 2326; x_wconf 85' lang='lat' dir='ltr'><strong>ionum</strong></span> <span class='ocrx_word' id='word_1_113' title='bbox 209 2277 256 2328; x_wconf 85' lang='lat' dir='ltr'><strong>aui</strong></span> <span class='ocrx_word' id='word_1_114' title='bbox 274 2276 396 2342; x_wconf 69' lang='lat' dir='ltr'><strong>corporis</strong></span> <span class='ocrx_word' id='word_1_115' title='bbox 416 2291 438 2326; x_wconf 89' lang='lat' dir='ltr'><strong>c.</strong></span> <span class='ocrx_word' id='word_1_116' title='bbox 459 2272 520 2324; x_wconf 89' lang='lat' dir='ltr'><strong>olim</strong></span> <span class='ocrx_word' id='word_1_117' title='bbox 537 2277 686 2340; x_wconf 72' lang='lat' dir='ltr'><strong>scripserat</strong></span> <span class='ocrx_word' id='word_1_118' title='bbox 704 2273 817 2326; x_wconf 84' lang='lat' dir='ltr'><strong>Graviua.</strong></span> <span class='ocrx_word' id='word_1_119' title='bbox 856 2274 1111 2345; x_wconf 64' lang='lat' dir='ltr'><strong>remordeamur,</strong></span> 
     </span>
     <span class='ocr_line' id='line_1_16' title="bbox 100 2359 1109 2430; baseline 0.002 -18"><span class='ocrx_word' id='word_1_120' title='bbox 100 2361 323 2427; x_wconf 82' lang='lat' dir='ltr'><strong>quidornatolld.</strong></span> <span class='ocrx_word' id='word_1_121' title='bbox 360 2359 511 2426; x_wconf 66' lang='lat' dir='ltr'><strong>tonante.</strong></span> <span class='ocrx_word' id='word_1_122' title='bbox 551 2362 837 2429; x_wconf 54' lang='lat' dir='ltr'><strong>15Joiroe-*oui</strong></span> <span class='ocrx_word' id='word_1_123' title='bbox 855 2362 917 2430; x_wconf 82' lang='lat' dir='ltr'><strong>(sic)</strong></span> <span class='ocrx_word' id='word_1_124' title='bbox 936 2363 1109 2415; x_wconf 80' lang='lat' dir='ltr'><strong>edilavcntr.</strong></span> 
     </span>
     <span class='ocr_line' id='line_1_17' title="bbox 100 2444 1111 2517; baseline 0.003 -20"><span class='ocrx_word' id='word_1_125' title='bbox 100 2444 136 2498; x_wconf 87' lang='lat' dir='ltr'><strong>Pr.</strong></span> <span class='ocrx_word' id='word_1_126' title='bbox 155 2453 229 2504; x_wconf 73' lang='lat' dir='ltr'><strong>iulet</strong></span> <span class='ocrx_word' id='word_1_127' title='bbox 246 2448 286 2501; x_wconf 88' lang='lat' dir='ltr'><strong>W.</strong></span> <span class='ocrx_word' id='word_1_128' title='bbox 321 2447 388 2500; x_wconf 86' lang='lat' dir='ltr'><strong>Dein</strong></span> <span class='ocrx_word' id='word_1_129' title='bbox 405 2452 523 2503; x_wconf 69' lang='lat' dir='ltr'><strong>similant</strong></span> <span class='ocrx_word' id='word_1_130' title='bbox 540 2448 563 2500; x_wconf 87' lang='lat' dir='ltr'><strong>tt</strong></span> <span class='ocrx_word' id='word_1_131' title='bbox 581 2457 607 2500; x_wconf 88' lang='lat' dir='ltr'><strong>et</strong></span> <span class='ocrx_word' id='word_1_132' title='bbox 628 2450 669 2502; x_wconf 87' lang='lat' dir='ltr'><strong>ed.</strong></span> <span class='ocrx_word' id='word_1_133' title='bbox 687 2449 824 2513; x_wconf 86' lang='lat' dir='ltr'><strong>Davcntr.;</strong></span> <span class='ocrx_word' id='word_1_134' title='bbox 843 2452 968 2503; x_wconf 69' lang='lat' dir='ltr'><strong>simulent</strong></span> <span class='ocrx_word' id='word_1_135' title='bbox 987 2465 1035 2516; x_wconf 92' lang='lat' dir='ltr'><strong>pr.,</strong></span> <span class='ocrx_word' id='word_1_136' title='bbox 1053 2457 1111 2517; x_wconf 83' lang='lat' dir='ltr'><strong>poet</strong></span> 
     </span>
     <span class='ocr_line' id='line_1_18' title="bbox 99 2536 1112 2606; baseline 0.007 -22"><span class='ocrx_word' id='word_1_137' title='bbox 99 2549 156 2586; x_wconf 86' lang='lat' dir='ltr'><strong>vero</strong></span> <span class='ocrx_word' id='word_1_138' title='bbox 173 2540 302 2591; x_wconf 82' lang='lat' dir='ltr'><strong>aimulont</strong></span> <span class='ocrx_word' id='word_1_139' title='bbox 319 2536 370 2602; x_wconf 79' lang='lat' dir='ltr'><strong>lib,</strong></span> <span class='ocrx_word' id='word_1_140' title='bbox 389 2539 518 2590; x_wconf 69' lang='lat' dir='ltr'><strong>simulant</strong></span> <span class='ocrx_word' id='word_1_141' title='bbox 535 2539 609 2589; x_wconf 84' lang='lat' dir='ltr'><strong>etiem</strong></span> <span class='ocrx_word' id='word_1_142' title='bbox 629 2536 660 2587; x_wconf 89' lang='lat' dir='ltr'>W</span> <span class='ocrx_word' id='word_1_143' title='bbox 679 2546 705 2588; x_wconf 90' lang='lat' dir='ltr'><strong>ct</strong></span> <span class='ocrx_word' id='word_1_144' title='bbox 721 2537 822 2606; x_wconf 82' lang='lat' dir='ltr'><strong>Fragm.</strong></span> <span class='ocrx_word' id='word_1_145' title='bbox 841 2536 920 2589; x_wconf 85' lang='lat' dir='ltr'><strong>Emm.</strong></span> <span class='ocrx_word' id='word_1_146' title='bbox 940 2538 964 2591; x_wconf 85' lang='lat'><strong>2.</strong></span> <span class='ocrx_word' id='word_1_147' title='bbox 1009 2537 1069 2588; x_wconf 86' lang='lat' dir='ltr'><strong>Tum</strong></span> <span class='ocrx_word' id='word_1_148' title='bbox 1088 2547 1112 2591; x_wconf 85' lang='lat' dir='ltr'><strong>et</strong></span> 
     </span>
     <span class='ocr_line' id='line_1_19' title="bbox 99 2623 1111 2694; baseline 0.007 -22"><span class='ocrx_word' id='word_1_149' title='bbox 99 2623 209 2692; x_wconf 75' lang='lat' dir='ltr'><strong>inteprao</strong></span> <span class='ocrx_word' id='word_1_150' title='bbox 228 2625 282 2689; x_wconf 82' lang='lat' dir='ltr'><strong>lic,</strong></span> <span class='ocrx_word' id='word_1_151' title='bbox 305 2628 420 2694; x_wconf 72' lang='lat' dir='ltr'><strong>pudicae</strong></span> <span class='ocrx_word' id='word_1_152' title='bbox 443 2640 491 2693; x_wconf 89' lang='lat' dir='ltr'><strong>pro</strong></span> <span class='ocrx_word' id='word_1_153' title='bbox 508 2625 669 2694; x_wconf 74' lang='lat' dir='ltr'><strong>puraelcr.</strong></span> <span class='ocrx_word' id='word_1_154' title='bbox 689 2625 715 2678; x_wconf 86' lang='lat' dir='ltr'><strong>i.</strong></span> <span class='ocrx_word' id='word_1_155' title='bbox 749 2625 798 2676; x_wconf 87' lang='lat' dir='ltr'><strong>Pro</strong></span> <span class='ocrx_word' id='word_1_156' title='bbox 816 2625 909 2694; x_wconf 82' lang='lat' dir='ltr'><strong>vulgat.</strong></span> <span class='ocrx_word' id='word_1_157' title='bbox 929 2625 1041 2677; x_wconf 90' lang='lat' dir='ltr'><strong>lectione</strong></span> <span class='ocrx_word' id='word_1_158' title='bbox 1059 2643 1111 2678; x_wconf 88' lang='lat' dir='ltr'><strong>non</strong></span> 
     </span>
     <span class='ocr_line' id='line_1_20' title="bbox 100 2712 1112 2782; baseline 0.003 -22"><span class='ocrx_word' id='word_1_159' title='bbox 100 2715 193 2764; x_wconf 79' lang='lat' dir='ltr'><strong>turtum</strong></span> <span class='ocrx_word' id='word_1_160' title='bbox 211 2730 329 2782; x_wconf 83' lang='lat' dir='ltr'><strong>corpore,</strong></span> <span class='ocrx_word' id='word_1_161' title='bbox 352 2715 400 2767; x_wconf 82' lang='lat' dir='ltr'><strong>red</strong></span> <span class='ocrx_word' id='word_1_162' title='bbox 417 2716 497 2766; x_wconf 84' lang='lat' dir='ltr'><strong>etiarn</strong></span> <span class='ocrx_word' id='word_1_163' title='bbox 514 2716 629 2782; x_wconf 77' lang='lat' dir='ltr'><strong>apiritu,</strong></span> <span class='ocrx_word' id='word_1_164' title='bbox 653 2728 728 2782; x_wconf 84' lang='lat' dir='ltr'><strong>quam</strong></span> <span class='ocrx_word' id='word_1_165' title='bbox 747 2728 797 2764; x_wconf 88' lang='lat' dir='ltr'><strong>non</strong></span> <span class='ocrx_word' id='word_1_166' title='bbox 815 2714 863 2765; x_wconf 86' lang='lat' dir='ltr'><strong>niai</strong></span> <span class='ocrx_word' id='word_1_167' title='bbox 881 2715 906 2764; x_wconf 94' lang='lat' dir='ltr'><strong>in</strong></span> <span class='ocrx_word' id='word_1_168' title='bbox 924 2713 1022 2764; x_wconf 79' lang='lat' dir='ltr'><strong>duobus</strong></span> <span class='ocrx_word' id='word_1_169' title='bbox 1040 2712 1112 2764; x_wconf 77' lang='lat' dir='ltr'><strong>libris</strong></span> 
     </span>
     <span class='ocr_line' id='line_1_21' title="bbox 100 2798 1112 2868; baseline 0.004 -22"><span class='ocrx_word' id='word_1_170' title='bbox 100 2804 157 2848; x_wconf 86' lang='lat' dir='ltr'><strong>vett.</strong></span> <span class='ocrx_word' id='word_1_171' title='bbox 175 2800 270 2868; x_wconf 86' lang='lat' dir='ltr'><strong>reperit</strong></span> <span class='ocrx_word' id='word_1_172' title='bbox 287 2798 416 2865; x_wconf 81' lang='lat' dir='ltr'><strong>Balaaioa,</strong></span> <span class='ocrx_word' id='word_1_173' title='bbox 439 2801 547 2854; x_wconf 86' lang='lat' dir='ltr'><strong>ecodd.</strong></span> <span class='ocrx_word' id='word_1_174' title='bbox 566 2801 605 2852; x_wconf 88' lang='lat' dir='ltr'><strong>W.</strong></span> <span class='ocrx_word' id='word_1_175' title='bbox 625 2799 708 2852; x_wconf 83' lang='lat' dir='ltr'><strong>liabd.</strong></span> <span class='ocrx_word' id='word_1_176' title='bbox 728 2799 758 2852; x_wconf 88' lang='lat' dir='ltr'><strong>B.</strong></span> <span class='ocrx_word' id='word_1_177' title='bbox 778 2809 805 2852; x_wconf 85' lang='lat' dir='ltr'><strong>et</strong></span> <span class='ocrx_word' id='word_1_178' title='bbox 821 2799 863 2852; x_wconf 83' lang='lat' dir='ltr'><strong>Fr.</strong></span> <span class='ocrx_word' id='word_1_179' title='bbox 883 2798 962 2852; x_wconf 82' lang='lat' dir='ltr'><strong>Enim.</strong></span> <span class='ocrx_word' id='word_1_180' title='bbox 982 2801 1006 2852; x_wconf 85' lang='lat'><strong>2.</strong></span> <span class='ocrx_word' id='word_1_181' title='bbox 1025 2801 1112 2867; x_wconf 88' lang='lat' dir='ltr'><strong>recepi</strong></span> 
     </span>
     <span class='ocr_line' id='line_1_22' title="bbox 100 2883 1113 2958; baseline 0.001 -21"><span class='ocrx_word' id='word_1_182' title='bbox 100 2899 148 2937; x_wconf 83' lang='lat' dir='ltr'><strong>oon</strong></span> <span class='ocrx_word' id='word_1_183' title='bbox 172 2895 273 2941; x_wconf 84' lang='lat' dir='ltr'><strong>tantum</strong></span> <span class='ocrx_word' id='word_1_184' title='bbox 298 2890 489 2957; x_wconf 77' lang='lat' dir='ltr'><strong>corporaliter,</strong></span> <span class='ocrx_word' id='word_1_185' title='bbox 516 2891 564 2942; x_wconf 80' lang='lat' dir='ltr'><strong>eod</strong></span> <span class='ocrx_word' id='word_1_186' title='bbox 589 2899 613 2942; x_wconf 88' lang='lat' dir='ltr'><strong>ot</strong></span> <span class='ocrx_word' id='word_1_187' title='bbox 636 2883 803 2958; x_wconf 59' lang='lat' dir='ltr'><strong>epiritoliicrl</strong></span> <span class='ocrx_word' id='word_1_188' title='bbox 847 2888 887 2940; x_wconf 81' lang='lat' dir='ltr'><strong>Mc</strong></span> <span class='ocrx_word' id='word_1_189' title='bbox 908 2896 933 2938; x_wconf 87' lang='lat' dir='ltr'><strong>et</strong></span> <span class='ocrx_word' id='word_1_190' title='bbox 952 2886 974 2938; x_wconf 81' lang='grc' dir='ltr'><strong>Α</strong></span> <span class='ocrx_word' id='word_1_191' title='bbox 992 2887 1113 2939; x_wconf 87' lang='lat' dir='ltr'><strong>exhibent</strong></span> 
     </span>
     <span class='ocr_line' id='line_1_23' title="bbox 100 2973 1112 3044; baseline 0.003 -23"><span class='ocrx_word' id='word_1_192' title='bbox 100 2986 148 3024; x_wconf 85' lang='lat' dir='ltr'><strong>aon</strong></span> <span class='ocrx_word' id='word_1_193' title='bbox 163 2982 228 3027; x_wconf 88' lang='lat' dir='ltr'><strong>taut.</strong></span> <span class='ocrx_word' id='word_1_194' title='bbox 247 2976 437 3042; x_wconf 73' lang='lat' dir='ltr'><strong>corporaliter,</strong></span> <span class='ocrx_word' id='word_1_195' title='bbox 461 2976 508 3027; x_wconf 81' lang='lat' dir='ltr'><strong>aed</strong></span> <span class='ocrx_word' id='word_1_196' title='bbox 526 2982 552 3027; x_wconf 89' lang='lat' dir='ltr'><strong>et</strong></span> <span class='ocrx_word' id='word_1_197' title='bbox 568 2977 755 3044; x_wconf 68' lang='lat' dir='ltr'><strong>spiritualiter.</strong></span> <span class='ocrx_word' id='word_1_198' title='bbox 794 2973 973 3038; x_wconf 75' lang='lat' dir='ltr'><strong>,Dissimulare</strong></span> <span class='ocrx_word' id='word_1_199' title='bbox 992 2988 1043 3025; x_wconf 91' lang='lat' dir='ltr'><strong>non</strong></span> <span class='ocrx_word' id='word_1_200' title='bbox 1061 2973 1112 3024; x_wconf 88' lang='lat' dir='ltr'><strong>de-</strong></span> 
     </span>
     <span class='ocr_line' id='line_1_24' title="bbox 101 3055 1111 3127; baseline 0.002 -19"><span class='ocrx_word' id='word_1_201' title='bbox 101 3055 160 3123; x_wconf 89' lang='lat' dir='ltr'><strong>beo,</strong></span> <span class='ocrx_word' id='word_1_202' title='bbox 185 3061 220 3111; x_wconf 86' lang='lat' dir='ltr'><strong>ait</strong></span> <span class='ocrx_word' id='word_1_203' title='bbox 237 3058 369 3124; x_wconf 84' lang='lat' dir='ltr'><strong>Baiuaiua,</strong></span> <span class='ocrx_word' id='word_1_204' title='bbox 395 3060 486 3112; x_wconf 89' lang='lat' dir='ltr'><strong>decern</strong></span> <span class='ocrx_word' id='word_1_205' title='bbox 505 3068 531 3112; x_wconf 88' lang='lat' dir='ltr'><strong>ct</strong></span> <span class='ocrx_word' id='word_1_206' title='bbox 549 3074 642 3112; x_wconf 89' lang='lat' dir='ltr'><strong>novem</strong></span> <span class='ocrx_word' id='word_1_207' title='bbox 666 3067 754 3112; x_wconf 85' lang='lat' dir='ltr'><strong>vetera</strong></span> <span class='ocrx_word' id='word_1_208' title='bbox 779 3059 949 3127; x_wconf 86' lang='lat' dir='ltr'><strong>exemplaria,</strong></span> <span class='ocrx_word' id='word_1_209' title='bbox 974 3069 1000 3111; x_wconf 89' lang='lat' dir='ltr'><strong>et</strong></span> <span class='ocrx_word' id='word_1_210' title='bbox 1023 3062 1049 3110; x_wconf 92' lang='lat' dir='ltr'><strong>in</strong></span> <span class='ocrx_word' id='word_1_211' title='bbox 1073 3060 1111 3110; x_wconf 86' lang='lat' dir='ltr'><strong>hie</strong></span> 
     </span>
     <span class='ocr_line' id='line_1_25' title="bbox 101 3133 1110 3216; baseline 0.006 -22"><span class='ocrx_word' id='word_1_212' title='bbox 101 3133 303 3214; x_wconf 76' lang='lat' dir='ltr'><strong>segalarianum,</strong></span> <span class='ocrx_word' id='word_1_213' title='bbox 322 3145 417 3199; x_wconf 84' lang='lat' dir='ltr'><strong>habere</strong></span> <span class='ocrx_word' id='word_1_214' title='bbox 436 3165 490 3201; x_wconf 82' lang='lat' dir='ltr'><strong>oon</strong></span> <span class='ocrx_word' id='word_1_215' title='bbox 508 3150 596 3201; x_wconf 82' lang='lat' dir='ltr'><strong>eolune</strong></span> <span class='ocrx_word' id='word_1_216' title='bbox 614 3146 654 3215; x_wconf 78' lang='lat' dir='ltr'><strong>(l)</strong></span> <span class='ocrx_word' id='word_1_217' title='bbox 673 3149 851 3215; x_wconf 84' lang='lat' dir='ltr'><strong>corporaliter</strong></span> <span class='ocrx_word' id='word_1_218' title='bbox 868 3150 916 3200; x_wconf 77' lang='lat' dir='ltr'><strong>aad</strong></span> <span class='ocrx_word' id='word_1_219' title='bbox 934 3145 973 3214; x_wconf 74' lang='lat' dir='ltr'><strong>(l)</strong></span> <span class='ocrx_word' id='word_1_220' title='bbox 992 3151 1110 3216; x_wconf 69' lang='lat' dir='ltr'><strong>spirita·</strong></span> 
     </span>
     <span class='ocr_line' id='line_1_26' title="bbox 102 3232 1110 3304; baseline 0 -21"><span class='ocrx_word' id='word_1_221' title='bbox 102 3233 180 3284; x_wconf 85' lang='lat' dir='ltr'><strong>liter.“</strong></span> <span class='ocrx_word' id='word_1_222' title='bbox 217 3233 338 3287; x_wconf 83' lang='lat' dir='ltr'><strong>Getarum</strong></span> <span class='ocrx_word' id='word_1_223' title='bbox 358 3237 535 3304; x_wconf 80' lang='lat' dir='ltr'><strong>corporaliter</strong></span> <span class='ocrx_word' id='word_1_224' title='bbox 553 3243 580 3286; x_wconf 90' lang='lat' dir='ltr'><strong>et</strong></span> <span class='ocrx_word' id='word_1_225' title='bbox 596 3237 756 3303; x_wconf 72' lang='lat' dir='ltr'><strong>spiritaliter</strong></span> <span class='ocrx_word' id='word_1_226' title='bbox 773 3234 835 3284; x_wconf 90' lang='lat' dir='ltr'><strong>item</strong></span> <span class='ocrx_word' id='word_1_227' title='bbox 853 3234 880 3283; x_wconf 93' lang='lat' dir='ltr'><strong>in</strong></span> <span class='ocrx_word' id='word_1_228' title='bbox 897 3234 950 3285; x_wconf 82' lang='lat' dir='ltr'><strong>auia</strong></span> <span class='ocrx_word' id='word_1_229' title='bbox 974 3232 1048 3284; x_wconf 89' lang='lat' dir='ltr'><strong>codd.</strong></span> <span class='ocrx_word' id='word_1_230' title='bbox 1067 3233 1110 3284; x_wconf 86' lang='lat' dir='ltr'><strong>ia-</strong></span> 
     </span>
     <span class='ocr_line' id='line_1_27' title="bbox 101 3307 1112 3390; baseline 0.004 -22"><span class='ocrx_word' id='word_1_231' title='bbox 101 3332 219 3375; x_wconf 84' lang='lat' dir='ltr'><strong>venerunt</strong></span> <span class='ocrx_word' id='word_1_232' title='bbox 234 3307 332 3374; x_wconf 79' lang='lat' dir='ltr'><strong>Morali.</strong></span> <span class='ocrx_word' id='word_1_233' title='bbox 346 3330 372 3374; x_wconf 88' lang='lat' dir='ltr'><strong>at</strong></span> <span class='ocrx_word' id='word_1_234' title='bbox 384 3320 488 3387; x_wconf 79' lang='lat' dir='ltr'><strong>Parcet,</strong></span> <span class='ocrx_word' id='word_1_235' title='bbox 507 3325 682 3390; x_wconf 80' lang='lat' dir='ltr'><strong>corporaliter</strong></span> <span class='ocrx_word' id='word_1_236' title='bbox 700 3328 727 3372; x_wconf 90' lang='lat' dir='ltr'><strong>at</strong></span> <span class='ocrx_word' id='word_1_237' title='bbox 745 3323 923 3389; x_wconf 69' lang='lat' dir='ltr'><strong>spiritualiter</strong></span> <span class='ocrx_word' id='word_1_238' title='bbox 940 3327 1053 3372; x_wconf 87' lang='lat' dir='ltr'><strong>notatum</strong></span> <span class='ocrx_word' id='word_1_239' title='bbox 1072 3326 1112 3372; x_wconf 83' lang='lat' dir='ltr'><strong>eat</strong></span> 
     </span>
     <span class='ocr_line' id='line_1_28' title="bbox 102 3407 345 3462; baseline 0.008 -4"><span class='ocrx_word' id='word_1_240' title='bbox 102 3419 131 3455; x_wconf 78' lang='lat' dir='ltr'><strong>or</strong></span> <span class='ocrx_word' id='word_1_241' title='bbox 148 3407 203 3462; x_wconf 84' lang='lat' dir='ltr'><strong>ilat.</strong></span> <span class='ocrx_word' id='word_1_242' title='bbox 221 3407 345 3462; x_wconf 71' lang='lat' dir='ltr'><strong>omnihus.</strong></span> 
     </span>
    </p>

    <p class='ocr_par' dir='ltr' id='par_1_6' title="bbox 104 3492 1113 4096">
     <span class='ocr_line' id='line_1_29' title="bbox 167 3492 1111 3566; baseline 0.001 -19"><span class='ocrx_word' id='word_1_243' title='bbox 167 3496 197 3549; x_wconf 81' lang='lat' dir='ltr'><strong>V.</strong></span> <span class='ocrx_word' id='word_1_244' title='bbox 225 3499 253 3563; x_wconf 86' lang='lat'><strong>1)</strong></span> <span class='ocrx_word' id='word_1_245' title='bbox 271 3503 325 3553; x_wconf 86' lang='lat' dir='ltr'><strong>Neo</strong></span> <span class='ocrx_word' id='word_1_246' title='bbox 343 3492 385 3550; x_wconf 86' lang='lat' dir='ltr'><strong>Fr.</strong></span> <span class='ocrx_word' id='word_1_247' title='bbox 404 3495 485 3549; x_wconf 80' lang='lat' dir='ltr'><strong>Enim.</strong></span> <span class='ocrx_word' id='word_1_248' title='bbox 504 3496 540 3562; x_wconf 86' lang='grc'><strong>2.,</strong></span> <span class='ocrx_word' id='word_1_249' title='bbox 558 3499 584 3549; x_wconf 85' lang='lat' dir='ltr'><strong>in</strong></span> <span class='ocrx_word' id='word_1_250' title='bbox 602 3513 653 3566; x_wconf 85' lang='lat' dir='ltr'><strong>quo</strong></span> <span class='ocrx_word' id='word_1_251' title='bbox 672 3497 809 3564; x_wconf 80' lang='lat' dir='ltr'><strong>deinceps,</strong></span> <span class='ocrx_word' id='word_1_252' title='bbox 833 3504 861 3548; x_wconf 90' lang='lat' dir='ltr'><strong>ut</strong></span> <span class='ocrx_word' id='word_1_253' title='bbox 881 3497 907 3548; x_wconf 89' lang='lat' dir='ltr'><strong>in</strong></span> <span class='ocrx_word' id='word_1_254' title='bbox 926 3496 1017 3547; x_wconf 85' lang='lat' dir='ltr'><strong>cetaria</strong></span> <span class='ocrx_word' id='word_1_255' title='bbox 1036 3494 1111 3548; x_wconf 90' lang='lat' dir='ltr'><strong>codd.</strong></span> 
     </span>
     <span class='ocr_line' id='line_1_30' title="bbox 104 3583 1111 3653; baseline 0.004 -23"><span class='ocrx_word' id='word_1_256' title='bbox 104 3586 186 3637; x_wconf 79' lang='lat' dir='ltr'><strong>nostrie</strong></span> <span class='ocrx_word' id='word_1_257' title='bbox 205 3587 322 3639; x_wconf 71' lang='lat' dir='ltr'><strong>omnibus</strong></span> <span class='ocrx_word' id='word_1_258' title='bbox 341 3592 367 3637; x_wconf 85' lang='lat' dir='ltr'><strong>at</strong></span> <span class='ocrx_word' id='word_1_259' title='bbox 384 3584 665 3653; x_wconf 62' lang='lat' dir='ltr'><strong>opulentorum.</strong></span> <span class='ocrx_word' id='word_1_260' title='bbox 684 3586 717 3637; x_wconf 91' lang='lat' dir='ltr'><strong>de</strong></span> <span class='ocrx_word' id='word_1_261' title='bbox 735 3585 852 3637; x_wconf 80' lang='lat' dir='ltr'><strong>laudibus</strong></span> <span class='ocrx_word' id='word_1_262' title='bbox 869 3585 1020 3653; x_wconf 80' lang='lat' dir='ltr'><strong>virginitatis</strong></span> <span class='ocrx_word' id='word_1_263' title='bbox 1034 3600 1056 3636; x_wconf 87' lang='lat' dir='ltr'><strong>c.</strong></span> <span class='ocrx_word' id='word_1_264' title='bbox 1069 3583 1111 3635; x_wconf 78' lang='lat'><strong>56.</strong></span> 
     </span>
     <span class='ocr_line' id='line_1_31' title="bbox 105 3670 1113 3744; baseline -0.001 -22"><span class='ocrx_word' id='word_1_265' title='bbox 105 3670 140 3734; x_wconf 85' lang='lat' dir='ltr'><strong>(io</strong></span> <span class='ocrx_word' id='word_1_266' title='bbox 157 3675 266 3727; x_wconf 87' lang='lat' dir='ltr'><strong>eiuadern</strong></span> <span class='ocrx_word' id='word_1_267' title='bbox 286 3671 351 3742; x_wconf 83' lang='lat' dir='ltr'><strong>Opp.</strong></span> <span class='ocrx_word' id='word_1_268' title='bbox 370 3672 507 3726; x_wconf 77' lang='lat' dir='ltr'><strong>addilae.</strong></span> <span class='ocrx_word' id='word_1_269' title='bbox 526 3689 551 3742; x_wconf 95' lang='lat' dir='ltr'><strong>p.</strong></span> <span class='ocrx_word' id='word_1_270' title='bbox 569 3673 635 3741; x_wconf 78' lang='lat'><strong>74),</strong></span> <span class='ocrx_word' id='word_1_271' title='bbox 653 3687 699 3742; x_wconf 90' lang='lat' dir='ltr'><strong>pro</strong></span> <span class='ocrx_word' id='word_1_272' title='bbox 716 3679 762 3744; x_wconf 76' lang='lat' dir='ltr'><strong>fae</strong></span> <span class='ocrx_word' id='word_1_273' title='bbox 781 3685 822 3728; x_wconf 79' lang='lat' dir='ltr'><strong>eet</strong></span> <span class='ocrx_word' id='word_1_274' title='bbox 841 3676 972 3742; x_wconf 73' lang='lat' dir='ltr'><strong>cirpinem</strong></span> <span class='ocrx_word' id='word_1_275' title='bbox 990 3673 1113 3740; x_wconf 75' lang='lat' dir='ltr'><strong>scriptum</strong></span> 
     </span>
     <span class='ocr_line' id='line_1_32' title="bbox 104 3752 1112 3832; baseline 0 -22"><span class='ocrx_word' id='word_1_276' title='bbox 104 3752 188 3824; x_wconf 71' lang='lat' dir='ltr'><strong>legitur</strong></span> <span class='ocrx_word' id='word_1_277' title='bbox 212 3765 343 3832; x_wconf 71' lang='lat' dir='ltr'><strong>airoiaem</strong></span> <span class='ocrx_word' id='word_1_278' title='bbox 367 3765 412 3830; x_wconf 71' lang='lat' dir='ltr'><strong>[aa</strong></span> <span class='ocrx_word' id='word_1_279' title='bbox 440 3771 487 3816; x_wconf 83' lang='lat' dir='ltr'><strong>ort.</strong></span> <span class='ocrx_word' id='word_1_280' title='bbox 531 3761 590 3813; x_wconf 79' lang='lat' dir='ltr'><strong>lion</strong></span> <span class='ocrx_word' id='word_1_281' title='bbox 617 3779 685 3816; x_wconf 80' lang='lat' dir='ltr'><strong>cuae</strong></span> <span class='ocrx_word' id='word_1_282' title='bbox 708 3767 810 3831; x_wconf 72' lang='lat' dir='ltr'><strong>somnae</strong></span> <span class='ocrx_word' id='word_1_283' title='bbox 837 3760 931 3813; x_wconf 83' lang='lat' dir='ltr'><strong>habent</strong></span> <span class='ocrx_word' id='word_1_284' title='bbox 958 3759 1112 3826; x_wconf 84' lang='lat' dir='ltr'><strong>exemplaria</strong></span> 
     </span>
     <span class='ocr_line' id='line_1_33' title="bbox 105 3845 1112 3915; baseline 0.008 -25"><span class='ocrx_word' id='word_1_285' title='bbox 105 3845 260 3900; x_wconf 82' lang='lat' dir='ltr'><strong>antolianut.</strong></span> <span class='ocrx_word' id='word_1_286' title='bbox 277 3849 345 3915; x_wconf 74' lang='lat' dir='ltr'><strong>typia</strong></span> <span class='ocrx_word' id='word_1_287' title='bbox 363 3849 496 3915; x_wconf 74' lang='lat' dir='ltr'><strong>exscripta.</strong></span> <span class='ocrx_word' id='word_1_288' title='bbox 527 3847 595 3898; x_wconf 85' lang='lat' dir='ltr'><strong>Dein</strong></span> <span class='ocrx_word' id='word_1_289' title='bbox 615 3865 716 3902; x_wconf 86' lang='lat' dir='ltr'><strong>comam</strong></span> <span class='ocrx_word' id='word_1_290' title='bbox 734 3851 839 3902; x_wconf 82' lang='lat' dir='ltr'><strong>aratrire</strong></span> <span class='ocrx_word' id='word_1_291' title='bbox 857 3847 916 3899; x_wconf 84' lang='lat' dir='ltr'><strong>odd.</strong></span> <span class='ocrx_word' id='word_1_292' title='bbox 931 3855 992 3900; x_wconf 84' lang='lat' dir='ltr'><strong>vett.</strong></span> <span class='ocrx_word' id='word_1_293' title='bbox 1023 3845 1112 3898; x_wconf 84' lang='lat' dir='ltr'><strong>Statim</strong></span> 
     </span>
     <span class='ocr_line' id='line_1_34' title="bbox 106 3930 1112 4005; baseline -0.003 -18"><span class='ocrx_word' id='word_1_294' title='bbox 106 3930 134 3982; x_wconf 73' lang='lat' dir='ltr'><strong>le</strong></span> <span class='ocrx_word' id='word_1_295' title='bbox 149 3947 226 3990; x_wconf 85' lang='lat' dir='ltr'><strong>carna</strong></span> <span class='ocrx_word' id='word_1_296' title='bbox 242 3940 302 3991; x_wconf 75' lang='lat' dir='ltr'><strong>eiua</strong></span> <span class='ocrx_word' id='word_1_297' title='bbox 320 3946 344 3990; x_wconf 91' lang='lat' dir='ltr'><strong>et</strong></span> <span class='ocrx_word' id='word_1_298' title='bbox 361 3939 556 4005; x_wconf 72' lang='lat' dir='ltr'><strong>pulchritudine</strong></span> <span class='ocrx_word' id='word_1_299' title='bbox 573 3935 603 4000; x_wconf 85' lang='lat' dir='ltr'><strong>tt,</strong></span> <span class='ocrx_word' id='word_1_300' title='bbox 623 3946 669 3990; x_wconf 85' lang='lat' dir='ltr'><strong>out</strong></span> <span class='ocrx_word' id='word_1_301' title='bbox 687 3939 718 3990; x_wconf 83' lang='lat' dir='ltr'><strong>da</strong></span> <span class='ocrx_word' id='word_1_302' title='bbox 736 3940 796 3990; x_wconf 76' lang='lat' dir='ltr'><strong>eiua</strong></span> <span class='ocrx_word' id='word_1_303' title='bbox 812 3937 921 4004; x_wconf 80' lang='lat' dir='ltr'><strong>pulerit.</strong></span> <span class='ocrx_word' id='word_1_304' title='bbox 940 3934 976 3998; x_wconf 76' lang='lat' dir='ltr'><strong>A3</strong></span> <span class='ocrx_word' id='word_1_305' title='bbox 1002 3945 1047 3987; x_wconf 88' lang='lat' dir='ltr'><strong>aut</strong></span> <span class='ocrx_word' id='word_1_306' title='bbox 1065 3947 1112 4001; x_wconf 89' lang='lat' dir='ltr'><strong>pro</strong></span> 
     </span>
     <span class='ocr_line' id='line_1_35' title="bbox 106 4019 1112 4096; baseline 0.005 -27"><span class='ocrx_word' id='word_1_307' title='bbox 106 4019 197 4074; x_wconf 81' lang='lat' dir='ltr'><strong>etadd</strong></span> <span class='ocrx_word' id='word_1_308' title='bbox 215 4032 295 4090; x_wconf 82' lang='lat' dir='ltr'><strong>rett.;</strong></span> <span class='ocrx_word' id='word_1_309' title='bbox 313 4034 338 4080; x_wconf 85' lang='lat' dir='ltr'><strong>et</strong></span> <span class='ocrx_word' id='word_1_310' title='bbox 355 4027 387 4080; x_wconf 82' lang='lat' dir='ltr'><strong>de</strong></span> <span class='ocrx_word' id='word_1_311' title='bbox 402 4027 508 4096; x_wconf 70' lang='lat' dir='ltr'><strong>pulchr-</strong></span> <span class='ocrx_word' id='word_1_312' title='bbox 525 4027 586 4080; x_wconf 82' lang='lat' dir='ltr'><strong>ciue</strong></span> <span class='ocrx_word' id='word_1_313' title='bbox 603 4023 653 4076; x_wconf 83' lang='lat' dir='ltr'><strong>lib.</strong></span> <span class='ocrx_word' id='word_1_314' title='bbox 688 4023 804 4077; x_wconf 78' lang='lat' dir='ltr'><strong>Alterum</strong></span> <span class='ocrx_word' id='word_1_315' title='bbox 821 4026 852 4078; x_wconf 85' lang='lat' dir='ltr'><strong>de</strong></span> <span class='ocrx_word' id='word_1_316' title='bbox 870 4038 919 4076; x_wconf 85' lang='lat' dir='ltr'><strong>om.</strong></span> <span class='ocrx_word' id='word_1_317' title='bbox 937 4021 980 4075; x_wconf 84' lang='lat' dir='ltr'><strong>Fr.</strong></span> <span class='ocrx_word' id='word_1_318' title='bbox 991 4019 1074 4074; x_wconf 85' lang='lat' dir='ltr'><strong>Erum.</strong></span> <span class='ocrx_word' id='word_1_319' title='bbox 1086 4019 1112 4074; x_wconf 85' lang='lat'><strong>2.</strong></span> 
     </span>
    </p>
   </div>
   <div class='ocr_carea' id='block_1_6' title="bbox 885 4109 905 4176">
    <p class='ocr_par' dir='ltr' id='par_1_7' title="bbox 885 4109 905 4176">
     <span class='ocr_line' id='line_1_36' title="bbox 885 4109 905 4176; baseline 0 0"><span class='ocrx_word' id='word_1_320' title='bbox 885 4109 905 4176; x_wconf 90' lang='grc'>9</span> 
     </span>
    </p>
   </div>
   <div class='ocr_carea' id='block_1_7' title="bbox 0 0 1454 4806">
    <p class='ocr_par' dir='ltr' id='par_1_8' title="bbox 0 0 1454 4806">
     <span class='ocr_line' id='line_1_37' title="bbox 0 0 1454 4806; baseline 0 0"><span class='ocrx_word' id='word_1_321' title='bbox 0 0 1454 4806; x_wconf 95' lang='lat' dir='ltr'><strong> </strong></span> 
     </span>
    </p>
   </div>
  </div>
 </body>
</html>
